3567 5217
784 389 1007 448 ..62-

362 560 439 625 Aes.
464 559 612 625 Perioch.
636 560 673 625 Il.
690 565 753 643 2,2
771 557 848 643 (228
865 559 897 626 S.
922 568 962 627 37
967 565 1031 641 9,4
1047 561 1094 639 Ρ.)
1118 560 1293 640 tranquilla
1308 560 1438 626 obscuri
1461 580 1530 626 car-

890 659 1014 739 pebant
1036 676 1207 723 munere
1230 657 1363 723 somni

249 754 302 821 *S
326 753 357 821 S.
382 760 445 821 982
471 760 564 820 certa
586 754 688 837 igitur
709 755 841 821 uariis
864 755 1013 837 pinxit
1036 775 1149 836 quam
1174 755 1285 821 littera
1307 755 1425 822 uerbis.

298 873 301 882 ¹
364 853 442 918 Ans.
467 856 604 934 392,15
638 853 711 932 (169
737 852 768 919 S.
797 857 861 919 255
878 852 925 933 Ρ.)
948 853 1078 919 iricolor
1106 852 1225 919 uario
1256 853 1399 935 pinxit
1429 872 1529 934 quas

891 951 1002 1032 pluma
1025 952 1132 1017 colore
1155 1026 1157 1031 ,

433 1046 559 1114 Eadem
581 1050 683 1114 uerba
705 1048 914 1114 inueniuntur
935 1067 1068 1130 prorsus
1092 1049 1216 1115 eisdem
1235 1048 1419 1115 hexametri
1440 1049 1529 1115 locis.

357 1144 449 1211 Haec
465 1145 573 1211 omnia
595 1145 625 1211 si
639 1151 765 1229 reputo,
782 1146 1051 1213 uerisimiNimum
1061 1147 1141 1212 mihi
1156 1147 1286 1212 uidetur
1300 1147 1530 1212 Ausonium

252 1243 394 1311 Sereni
410 1242 642 1311 Sammonici
657 1244 797 1310 librum
812 1244 1084 1310 medicinalem
1099 1245 1249 1328 legisse
1264 1250 1299 1311 et
1314 1245 1361 1310 ita
1376 1244 1530 1310 memoria

250 1341 406 1423 tenuisse,
443 1346 480 1406 ut
494 1341 603 1407 'uerba
626 1342 784 1424 quaedam
807 1360 849 1407 ex
872 1360 910 1407 eo
932 1348 1085 1426 sumeret,
1109 1342 1164 1408 uel
1185 1342 1328 1423 fortuito,
1351 1343 1415 1423 uel,
1445 1342 1529 1421 quod

250 1438 356 1521 magis
371 1438 451 1503 mihi
473 1439 592 1522 placet,
617 1439 645 1505 si
657 1437 771 1504 Sereni
786 1457 816 1504 u.
829 1444 892 1504 982
919 1446 1041 1522 specto,
1067 1441 1221 1506 consulto.

360 1739 383 1839 ξ
411 1740 466 1815 12.
495 1739 771 1821 Nemesianus
798 1744 1075 1839 eomparatur
1102 1761 1198 1820 eum
1225 1740 1421 1821 Ausonio.
1492 1747 1494 1752 ’

357 1900 536 1968 Ausonium
558 1898 778 1985 Nemesiani¹)
803 1901 1034 1985 cynegetica
1056 1901 1208 1983 legisse
1240 1905 1394 1966 constat
1418 1919 1460 1967 ex
1481 1901 1529 1982 ip·

250 2000 320 2065 sius
342 1999 452 2065 uerbis
462 1999 498 2077 ²1:
526 2000 740 2065 »mirabamur
761 2005 903 2082 poetam,
922 2051 928 2065 .
946 2051 972 2064 ..
996 2000 1050 2079 qui
1072 2000 1119 2065 ita
1135 1999 1321 2080 collegerat,
1345 2002 1383 2063 ut
1405 1998 1530 2064 diceret

251 2097 287 2161 in
312 2097 484 2177 equitando
507 2099 689 2163 uerbera
713 2103 747 2163 et
776 2104 1011 2179 praecepta
1042 2116 1116 2163 esse
1138 2096 1267 2178 fugae
1296 2101 1330 2161 et
1352 2103 1529 2178 praecepta

253 2194 422 2278 sistendi«,
448 2213 530 2275 quae
554 2200 667 2276 aperte
691 2201 843 2276 spectant
866 2195 907 2260 ad
929 2194 1118 2261 Nemesiani
1140 2192 1302 2272 uersum⁸t

366 2294 551 2358 uerbera
574 2297 651 2357 sunt
671 2297 885 2374 praecepta
907 2292 1039 2375 fugae,
1063 2296 1139 2358 sunt
1160 2293 1298 2357 uerbera
1321 2290 1415 2357 freni.

251 2388 368 2470 Itaque
379 2390 519 2472 primum
534 2391 727 2472 cynegetica
739 2409 811 2456 cum
822 2391 967 2457 Ausonio
981 2390 1247 2471 comparabimus,
1259 2394 1328 2454 turn
1336 2388 1528 2471 uidebimus,

252 2487 341 2553 sitne
364 2488 451 2553 idem
475 2488 515 2553 de
539 2489 661 2570 eclogis
683 2489 899 2555 iudicandum.

251 2693 343 2760 Nem.
367 2711 438 2776 eyn.
463 2699 503 2759 33
529 2693 742 2774 miratumque
758 2694 883 2772 (Terea)
907 2692 1005 2758 rudes
1028 2710 1064 2757 se
1079 2692 1196 2757 tollere
1219 2689 1260 2755 ad
1284 2708 1375 2755 aera
1389 2690 1529 2771 pinnas

436 2791 484 2856 sic
506 2791 728 2857 Baehrensius
750 2791 925 2857 lectionem
949 2790 1067 2857 codicis
1090 2789 1121 2854 Α
1143 2788 1291 2870 mutauit,
1324 2793 1358 2853 et
1387 2787 1527 2855 fortasse

433 2888 515 2953 haec
538 2889 701 2970 scriptura
732 2891 961 2971 comprobatur
994 2889 1065 2954 loco
1098 2886 1304 2967 Ausonian03
1337 2885 1528 2968 Postgatius

435 3004 507 3051 cum
531 2986 644 3053 codiee
667 2985 692 3051 O
719 3005 774 3052 »se
797 2987 913 3053 tollere
936 2989 1071 3053 Terea«.

363 3083 441 3149 Ans.
468 3088 574 3166 167,9
600 3084 630 3164 )8
647 3084 678 3150 S.
704 3088 745 3148 14
761 3085 808 3163 Ρ.)
832 3085 950 3150 subitis
973 3085 1074 3149 nolito
1098 3102 1196 3164 super
1219 3099 1315 3148 aera
1336 3081 1484 3161 pinnis

252 3180 364 3247 *Nem
389 3199 461 3264 eyn.
486 3187 526 3248 55
551 3183 974 3249 interharundineas
997 3187 1129 3264 segetes
1151 3180 1347 3260 iaelemque
1370 3180 1529 3244 minacem

362 3280 442 3344 Ans
467 3284 574 3362 325,o
600 3279 723 3359 (121S.
749 3286 812 3347 110
828 3280 875 3360 P.)
899 3281 1005 3346 inter
1027 3278 1385 3356 harundineasque
1421 3294 1528 3342 comas

892 3378 1149 3462 grauidamque
1170 3394 1324 3460 papauer.

254 3474 345 3541 Nem.
371 3495 441 3558 cyn.
467 3481 507 3542 76
530 3477 613 3543 haec
634 3477 728 3543 uobis
751 3483 883 3544 nostrae
907 3477 1084 3543 libabunt
1108 3478 1252 3543 carmina
1273 3480 1415 3543 Musae

360 3573 438 3639 Aus.
461 3572 543 3639 Moe.
565 3579 629 3641 443
655 3593 701 3656 sq.
726 3576 778 3653 (96
803 3575 834 3641 S.
860 3580 922 3641 139
947 3576 993 3654 Ρ.)
1017 3574 1069 3640 ias
1092 3574 1171 3640 mihi
1194 3594 1321 3641 sacrum

433 3673 668 3754 perstrinxisse
691 3692 817 3739 amnem
840 3674 931 3739 tenui
953 3673 1136 3738 libamine
1158 3672 1302 3739 Musae
1330 3729 1332 3732 ,

252 3768 361 3835 *Nem
386 3788 456 3851 cyn.
481 3777 521 3837 69
547 3771 613 3836 sint
635 3789 735 3837 aurea
756 3771 864 3853 tela,
888 3771 1082 3854 sagittae

351 3867 438 3933 *Aua
463 3873 546 3950 1,11
574 3870 647 3947 (195
673 3869 703 3935 S.
728 3873 789 3935 321
814 3869 862 3949 Ρ.)
887 3869 1060 3936 stridentia
1083 3870 1191 3950 tela,
1215 3863 1407 3952 sagittas

243 4039 245 4042 ,
415 3966 498 4031 coni.
521 3985 552 4047 p.
577 3973 628 4033 68.

252 4063 344 4130 Nem.
368 4083 439 4147 eyn.
465 4069 528 4130 104
543 4083 590 4144 sq.
636 4084 708 4130 cum
730 4065 829 4132 lanus
852 4064 1008 4147 temporis
1032 4068 1143 4130 auctor

435 4162 552 4244 pandit
572 4162 775 4229 inocciduum
797 4164 862 4229 bis
887 4164 1006 4230 senis
1029 4161 1246 4227 mensibus
1270 4180 1385 4228 aeuum

364 4355 382 4424 1)
402 4354 482 4410 Poet.
502 4354 563 4410 Lat.
583 4355 648 4409 min.
668 4356 711 4410 ed.
729 4356 873 4411 Baehrens
892 4356 948 4410 uol.
967 4354 1005 4409 111
1032 4371 1059 4425 p.
1074 4352 1222 4408 lul-204.
1259 4353 1444 4407 Nouissimam
1473 4351 1529 4406 edi·

253 4433 361 4487 tionem
379 4432 509 4488 iecerunt
525 4434 660 4490 hienricus
688 4434 809 4490 Schenkl
837 4437 866 4489 et
893 4434 959 4491 Joh.
987 4434 1018 4490 P.
1037 4434 1175 4503 Postgate
1202 4433 1230 4486 in
1254 4431 1384 4501 Postgati
1408 4430 1529 4503 Corpore

218 4555 220 4560 .
253 4514 404 4582 poetarum
421 4513 587 4569 Latinorum
605 4514 661 4569 nol.
681 4514 707 4569 11
724 4532 751 4585 p.
764 4514 914 4570 oss-572.

361 4592 382 4660 Ω)
402 4596 475 4662 grat.
494 4596 549 4649 aet.
568 4594 604 4650 65
624 4594 668 4664 (27
682 4594 709 4649 S.
722 4593 783 4658 369,
802 4593 924 4664 419sqq.
944 4594 993 4663 Ρ.)

362 4674 381 4741 1)
401 4689 463 4743 eyn.
481 4673 542 4728 268.

1750 375 1777 592 ἦ
