3567 5217
773 321 996 380 -33-

346 493 396 557 Α1
432 492 572 574 primum
603 492 732 572 quidem
763 492 985 574 quaerendum
1017 496 1079 573 est,
1111 509 1192 571 quae
1222 491 1307 557 ratio
1337 491 1522 558 intercedat

237 591 324 656 inter
355 590 539 657 neotericos
562 595 596 655 11
619 610 658 656 11
683 591 826 657 carmina
859 589 987 656 Graeca
1010 608 1094 672 quae
1117 608 1159 656 ex
1182 589 1295 654 eadem
1319 594 1427 656 aetate
1446 590 1519 656 iere

239 690 310 758 sola
341 693 473 754 seruata
503 694 579 754 sunt
615 693 649 754 et
679 707 762 771 quae
791 687 1020 754 Anacreontea
1050 687 1252 766 uocamusb,
1287 686 1333 753 Dt
1363 693 1452 753 certe
1484 689 1518 753 in

238 786 400 852 nonnullis
435 787 533 851 rebus
566 787 773 852 consentiunt
803 785 971 866 utriusque
1006 786 1138 867 generis
1177 785 1335 868 carmina,
1371 803 1447 850 nam
1485 791 1521 851 et

238 884 362 949 lasciua
385 889 419 950 et
441 882 555 949 breuia
577 891 663 966 sunt,
686 885 734 949 ita
756 889 877 965 tamen,
901 888 937 948 ut
968 901 1032 947 nou
1056 884 1121 948 iam
1144 881 1281 949 formam
1305 883 1518 965 epigramma·

238 987 308 1046 tum
330 981 480 1047 uersibus
504 982 658 1063 elegiacis
682 981 931 1062 compositorum
953 981 1139 1063 exhibeant,
1165 1000 1261 1061 quam
1284 985 1383 1047 antea
1401 985 1519 1063 poetae

238 1078 442 1159 potissimum
464 1079 657 1161 dilexerant,
678 1079 735 1145 sed
756 1098 798 1144 ex
816 1080 917 1145 uariis
938 1078 1041 1145 eleis
1062 1078 1192 1159 quidem
1207 1080 1396 1161 plerumque
1413 1080 1519 1145 breui·

240 1176 347 1242 oribus
364 1176 512 1242 uersibus
535 1182 693 1243 constent.
732 1175 796 1242 Sed
817 1178 845 1242 si
869 1181 973 1243 metra
992 1176 1065 1257 ipsa
1088 1182 1286 1259 spectamus,
1308 1195 1363 1242 res
1386 1195 1520 1258 prorsus

239 1274 335 1340 aliter
355 1293 391 1340 se
405 1274 515 1340 habet.
554 1274 648 1356 Apud
661 1274 1035 1357 neotericosquantum
1058 1294 1119 1341 nos
1143 1274 1301 1357 uidemus
1325 1294 1444 1357 magua
1468 1280 1520 1339 est

239 1372 382 1437 uarietas
412 1376 600 1453 metrorum,
627 1372 661 1437 iu
691 1371 929 1439 Anacreonteis
960 1391 1064 1453 pauca
1091 1377 1196 1438 metra
1230 1377 1298 1438 tam
1330 1391 1429 1454 saepe
1458 1372 1519 1438 ite·

239 1477 361 1551 rantur,
378 1474 414 1534 ut
433 1470 549 1535 lectori
567 1474 673 1535 toturn
693 1489 809 1551 corpus
829 1471 1041 1553 perlustranti
1063 1470 1207 1535 taedium
1223 1471 1377 1551 pariatur.
1413 1471 1519 1535 Vnum

238 1572 366 1632 tantum
388 1572 527 1632 metrum
551 1572 585 1634 et
607 1567 661 1633 hic
685 1573 719 1633 et
740 1569 808 1633 illic
834 1569 1007 1648 inuenitur,
1031 1567 1169 1634 dimeter
1196 1568 1320 1634 ionicus
1344 1586 1521 1633 anacreon·

239 1670 314 1730 tens
345 1665 399 1746 (3);
435 1663 573 1731 dimeter
601 1666 761 1732 iambicus
797 1667 995 1731 acatalectus
1027 1667 1067 1746 (l)
1100 1666 1154 1746 qui
1184 1666 1316 1731 uidetur
1347 1671 1520 1747 tantopere

239 1763 414 1828 neotericis
437 1762 471 1827 in
495 1762 620 1829 deliciis
639 1762 751 1846 inisse,
775 1765 810 1829 in
828 1762 1068 1830 Anacreonteis
1092 1765 1219 1829 omnino
1246 1764 1377 1843 deestfl)
1415 1765 1520 1829 Porro

241 1861 269 1925 si
292 1861 334 1925 ad
356 1878 410 1926 res
432 1865 591 1926 tractatas
612 1862 804 1942 accedimus,
827 1863 927 1927 etiam
947 1862 1088 1927 minores
1110 1866 1186 1927 sunt
1207 1862 1446 1928 similitudines.
1479 1860 1519 1926 Id

239 1978 338 2023 uuum
357 1957 498 2024 fortasse
519 1959 590 2039 quis
606 1959 726 2025 dixerit
742 1959 824 2025 etin
839 1960 930 2025 Flori
945 1960 1095 2026 uersibus
1112 1959 1152 2025 ad
1168 1959 1372 2026 Hadrianum
1388 1959 1520 2041 scriptis

241 2063 274 2121 11
310 2057 345 2119 in
374 2056 673 2123 Anacreonteomm
708 2058 851 2124 carmine
891 2059 961 2138 718)
993 2063 1107 2139 poetas
1143 2076 1307 2138 exponere
1346 2059 1409 2124 sibi
1439 2057 1520 2124 nihil

240 2153 402 2219 interesse
432 2152 618 2219 diuitiarum
641 2173 679 2219 ac
705 2155 891 2237 potestatis,
918 2161 952 2220 et
977 2156 1137 2236 imprimis
1161 2156 1283 2221 similes
1308 2175 1381 2222 1111
1403 2174 1520 2222 uersus

677 2251 753 2314 οὐδὲ
775 2252 895 2333 φθονῶ
916 2253 1082 2334 τυράννοις

241 2353 275 2414 11
671 2367 732 2432 ego
754 2351 829 2416 nolo
854 2351 976 2417 Caesar
998 2368 1085 2432 esse3

241 2446 300 2512 sed
323 2446 402 2511 talia
425 2446 544 2513 nullius
567 2447 722 2514 momenti
746 2453 830 2513 sunt.
867 2448 1007 2513 Accedit
1030 2448 1114 2528 quod
1136 2448 1219 2513 haec
1242 2446 1385 2513 carmina
1406 2447 1520 2514 adres

242 2545 323 2610 satis
346 2544 493 2610 diuersas
523 2543 612 2610 facta
635 2550 725 2610 sunt:
748 2545 987 2628 Anacreontea‚
1010 2545 1104 2611 utin
1128 2545 1285 2611 conuiuiis
1315 2550 1519 2627 canerentur,

241 2643 478 2708 neotericorum
506 2643 659 2725 carmina,
686 2648 723 2707 ut
750 2645 789 2709 ab
817 2644 1002 2710 hominibus
1022 2644 1158 2709 eruditis
1187 2648 1221 2709 ot
1248 2644 1405 2709 litteratis
1431 2644 1520 2725 lege·

240 2745 362 2805 rentur.

347 2839 471 2904 Tamen
493 2838 545 2904 his
570 2857 694 2919 quoque
722 2840 923 2921 temporibus
948 2839 1033 2921 apud
1057 2838 1201 2905 Graecos
1225 2859 1289 2905 non
1313 2840 1440 2905 omniuo
1465 2839 1520 2905 de-

242 2941 318 3000 sunt
348 2955 430 3017 quae
462 2955 533 3002 cum
563 2936 801 3002 neotericorum
832 2938 1028 3005 carminibus
1060 2944 1302 3019 comparentur3
1332 2956 1408 3002 nam
1435 2937 1520 3019 quod

241 3035 399 3100 neoterici
417 3035 593 3116 praecipue
614 3035 816 3118 studuerunt,
831 3043 868 3102 ut
887 3036 1052 3101 numerosi
1072 3041 1192 3118 essent,
1209 3036 1271 3102 hoc
1290 3041 1423 3117 praeter
1439 3036 1519 3101 alios

241 3137 355 3212 poetas
384 3130 527 3198 Graecos
558 3132 657 3198 etiam
687 3134 870 3216 Diogenem
899 3134 1069 3200 Laertium
1099 3133 1219 3200 iecisse
1248 3152 1314 3199 non
1345 3134 1448 3199 solum
1479 3152 1520 3198 ex

243 3228 355 3310 metris
386 3228 577 3308 quibusdam
609 3231 682 3312 (8,9)
715 3250 798 3311 quae
829 3250 928 3312 supra
957 3231 1180 3315 tractauimus,
1212 3232 1270 3298 sed
1297 3231 1456 3311 imprimis
1479 3249 1521 3296 ex

241 3326 336 3390 titulo
367 3326 442 3391 libri
472 3345 567 3406 quem
590 3326 693 3394 inisse
715 3327 913 3410 Πάμμετρον
945 3335 1083 3411 constat,
1107 3330 1312 3411 perspicitur.
1355 3328 1421 3395 Sed
1440 3329 1520 3394 item

242 3441 341 3504 supra
367 3424 432 3489 iam
454 3424 593 3490 uidimus
616 3425 701 3492 hanc
722 3426 934 3507 πολυμετρίαν
956 3446 1022 3493 non
1045 3428 1281 3493 neotericorum
1305 3431 1339 3492 11
1361 3427 1520 3509 Diogenis

243 3525 352 3586 aetate
383 3521 510 3587 demum
540 3522 707 3588 inuentam
738 3541 812 3590 esse
842 3542 951 3605 posse,
983 3524 1041 3590 sed
1068 3523 1133 3590 iam
1161 3532 1259 3591 antea
1286 3525 1356 3591 eius
1378 3523 1520 3606 uestigia

241 3617 381 3683 inueniri
404 3623 502 3700 atque
525 3619 624 3687 etiam
650 3620 806 3687 recedere
830 3639 932 3701 usque
960 3622 1000 3686 ad
1025 3620 1144 3688 Simiae
1167 3622 1285 3687 Rhodii
1309 3627 1343 3689 et
1364 3622 1520 3688 Phalaeci

242 3721 397 3796 tempora.
435 3717 505 3784 Hos
528 3718 630 3800 igitur
651 3723 777 3800 poetas,
802 3718 843 3785 de
866 3720 983 3799 quibus
1005 3718 1076 3786 iere
1099 3720 1181 3785 nihil
1204 3718 1351 3800 scimus⁸)
1375 3720 1440 3785 nisi
1463 3738 1520 3786 eos

241 3813 523 3881 numerosissimos
553 3814 666 3898 inisse,
691 3835 866 3897 eorumque
899 3818 1052 3897 aequales
1084 3822 1118 3883 11
1140 3817 1321 3883 imitatores
1345 3836 1462 3884 censeo
1486 3822 1520 3883 et

241 3912 348 3990 poetis
370 3912 533 3978 nonnullis
559 3913 695 3980 Graecis
717 3915 820 3980 ueluti
839 3915 981 3999 Diogeni
1004 3921 1039 3982 et
1060 3914 1234 3980 neotericis
1259 3915 1408 3996 exempla
1426 3933 1519 3996 prae·

350 4121 369 4188 1)
390 4120 514 4176 earmina
534 4122 556 4176 1.
576 4122 594 4177 3
611 4122 657 4193 14).
675 4123 764 4178 5-20
782 4125 888 4194 16-20)
908 4124 997 4179 altero
1015 4123 1075 4177 iere
1092 4122 1206 4179 saeculo
1224 4139 1251 4196 p.
1265 4123 1328 4178 Chr.
1341 4140 1368 4180 u.
1386 4124 1520 4179 inunum

242 4216 342 4271 corpus
360 4201 476 4256 redacta
494 4218 555 4256 esse
575 4203 684 4258 consuit
702 4204 839 4269 Hanssen,
853 4206 1111 4258 Anacreonteorum
1130 4204 1238 4274 sylloge
1256 4203 1315 4258 Pal.
1335 4204 1401 4274 p.ss;
1420 4211 1520 4259 contra

243 4280 353 4336 Orusius
372 4280 446 4352 apud
458 4281 645 4352 Pauly-Wiss.
659 4282 713 4338 uol.
726 4284 738 4337 l
750 4300 776 4354 p.
789 4282 914 4348 aulaea.
942 4283 1071 4337 Carmina
1089 4283 1262 4354 21-31111)
1276 4284 1365 4339 111111
1379 4285 1520 4356 sophista-

243 4375 303 4413 rum
322 4361 452 4432 ascripsit
470 4362 581 4416 Crusius
600 4362 616 4416 1.
629 4378 651 4416 s.
664 4379 691 4433 p.
704 4362 827 4424 201716.
1515 4367 1517 4372 ’

349 4442 368 4509 ²)
388 4446 488 4496 contra
506 4441 579 4497 conl.
598 4458 624 4512 p.
637 4441 670 4496 12
688 4443 753 4497 adn.
765 4442 791 4497 2.

339 4520 797 4655 ὶ111111111ὲ28ὲ111111111111111,(111111.
812 4522 838 4578 d.
855 4523 959 4592 griecb.
974 4522 1041 4579 Litt.
1059 4523 1076 4580 i.
1092 4522 1117 4579 d.
1131 4523 1413 4580 Alexandrinemeitl
1431 4541 1456 4596 p.
1469 4523 1520 4579 179

243 4616 303 4671 sqq.
322 4615 337 4654 1
414 4617 440 4671 p.
507 4646 514 4658 .

295 4704 411 4760 Wagner.
1324 4702 1342 4757 3
