3567 5217
829 379 1029 439 -3..

395 555 494 630 poete
517 549 646 629 quidam
670 549 834 631 elegiacos
1032 553 1073 617 oh
1095 551 1296 634 Hieronymo
1320 554 1372 635 (nl,

395 652 494 730 poeto
518 648 646 727 quidum
670 648 836 731 gulllamhi
1035 668 1055 713 u
1079 648 1236 716 Diomede
1261 651 1315 731 (kl,

396 750 512 827 poetae
536 746 666 826 quidam
689 764 840 811 uersuum

502 843 696 909 ludicrorum
1036 863 1056 908 a
1077 844 1236 912 Diomede
1261 846 1291 928 ll,
1315 849 1368 927 ml,

396 939 508 1007 Victor
531 941 613 1007 Ater
1037 942 1357 1010 ePseudo·Victore
1380 945 1432 1027 lp),

396 1038 535 1119 scriptor
558 1038 690 1120 quidam
712 1039 753 1105 de
777 1040 837 1105 deo
1033 1058 1054 1105 e
1077 1039 1253 1106 Claudiano
1277 1041 1435 1109 Mamerto
1459 1044 1509 1123 (ql.

448 1154 566 1219 Insunt
603 1154 638 1218 in
673 1155 735 1219 hoc
767 1154 913 1237 catalogo
940 1161 1058 1237 poetae
1088 1155 1184 1236 primi
1211 1176 1241 1237 p.
1270 1156 1343 1223 Chr.
1370 1176 1401 1220 n.
1432 1157 1564 1240 saeculi,

285 1256 459 1333 praetereo
485 1256 603 1333 poetae
635 1252 764 1332 qnidam
797 1271 875 1331 quos
907 1271 972 1319 non
1003 1253 1161 1334 nouimus,
1192 1254 1305 1320 insunt
1337 1260 1407 1321 tres
1441 1255 1564 1322 solutae

284 1350 442 1415 orationis
466 1349 652 1432 scriptores,
676 1369 740 1416 non
763 1350 873 1415 insunt
897 1350 1067 1418 Annianus
1090 1357 1126 1418 et
1148 1350 1298 1418 Serenus.

450 1447 671 1513 ›Neotericisr
697 1454 918 1529 opponuntm:

394 1544 560 1627 Vergilius
584 1564 604 1609 a
625 1546 732 1612 Probo
757 1545 808 1625 (b),
834 1544 941 1611 Gellio
967 1546 1016 1628 (a),
1040 1545 1153 1612 Seruio
1177 1546 1221 1628 (i),
1245 1548 1400 1628 Pompeio
1425 1548 1466 1630 li),

395 1643 506 1709 dicero
531 1662 550 1708 a
573 1641 839 1710 Pseud-Asconio
863 1644 914 1726 (o),

392 1740 541 1807 historici
557 1740 639 1806 uarii
654 1759 757 1820 usque
773 1741 813 1806 od
825 1739 954 1808 Aelium
972 1741 1177 1807 Tuberonem
1193 1748 1228 1808 ct
1239 1742 1388 1808 Verrium
1399 1743 1563 1826 Flaccum,

500 1842 535 1904 et
560 1840 685 1905 >omnis
707 1839 887 1920 priscorum
910 1839 1067 1906 historia«
1094 1858 1113 1905 a
1136 1839 1415 1907 Pseudo-Victore
1439 1842 1490 1922 (p).

445 1946 561 2025 Itaque
587 1946 810 2012 ›neotericus‹
835 1965 900 2012 nou
924 1950 976 2012 est
998 1946 1078 2012 artis
1101 1948 1302 2036 vocabulum,
1328 1947 1387 2012 sed
1402 1947 1565 2029 significet

286 2043 321 2109 id
344 2044 428 2124 quod
450 2062 510 2109 nos
524 2043 622 2110 hodie
646 2042 781 2110 dicimus
800 2044 1076 2127 ›nochklassiseh,
1100 2045 1264 2127 moderm,
1288 2045 1342 2109 uel
1358 2044 1386 2110 si
1401 2046 1565 2127 uitupere-

286 2142 407 2207 tionem
435 2143 544 2206 inesse
567 2140 724 2224 uolumus,
757 2141 1067 2224 ›epigonenheft‹.²)
1113 2142 1194 2208 Inde
1224 2142 1321 2208 facile
1352 2142 1563 2225 intellegitur,

285 2258 345 2305 cur
356 2239 573 2304 Terentianus
588 2239 719 2304 Maurus
734 2238 797 2304 hoc
812 2240 913 2304 uerbo
930 2239 970 2305 de
988 2240 1036 2306 eis
1052 2240 1157 2321 poetis
1173 2259 1253 2320 quos
1267 2240 1350 2306 tanti
1368 2241 1563 2323 aestimauit,

286 2336 335 2401 uti
357 2354 421 2401 non
443 2336 594 2416 potuerit.

393 2443 496 2508 Multo
511 2442 640 2508 facilius
663 2443 727 2509 erit
749 2449 892 2509 tractare
916 2444 957 2510 de
979 2443 1086 2525 poetis
1109 2445 1349 2527 »novellis«,
1374 2446 1493 2528 qnippe
1510 2447 1563 2525 qui

284 2561 307 2606 a
323 2541 519 2607 Terentiano
543 2540 612 2607 solo
634 2547 789 2621 quantum
812 2541 907 2608 uideo
932 2541 1255 2621 commemorentnrfl)
1300 2542 1346 2608 Et
1367 2544 1471 2624 primo
1496 2543 1563 2624 qui·

284 2639 362 2705 dem
384 2637 455 2705 loeo
484 2638 630 2705 adfertur
662 2642 845 2721 exemplum
869 2639 1049 2721 Serenium,
1080 2644 1251 2720 postquam
1281 2641 1435 2705 metricus
1467 2646 1563 2706 antea

286 2736 372 2801 dixit
395 2741 502 2819 poce,
528 2743 612 2803 reue
630 2739 687 2817 sq.)

499 2853 565 2899 non
589 2834 738 2914 equidem
753 2851 885 2916 possum
909 2838 960 2899 tot
974 2834 1099 2914 priscos
1114 2852 1210 2901 nosse
1233 2840 1356 2917 poetas,
1380 2885 1433 2900 ...

499 2950 594 2998 nemo
618 2936 727 2997 tomen
751 2933 870 3015 culpet,
907 2932 935 2998 si
967 2951 1057 2998 sumo
1082 2933 1230 3014 exempla
1264 2933 1444 2998 nouella:

499 3048 575 3094 uam
599 3035 633 3096 et
655 3030 770 3095 melius
792 3029 896 3095 nostri
919 3035 1090 3095 seruarunt
1113 3035 1218 3096 metra
1240 3030 1433 3096 minores.

285 3127 403 3195 Sereni
425 3129 526 3210 igitur
550 3129 732 3209 exemplum
760 3133 812 3194 est
838 3128 1048 3194 »nouellumc
1067 3197 1071 3205 ⁴
1092 3127 1146 3193 Ex
1170 3128 1273 3193 altero
1296 3127 1367 3193 loco
1392 3128 1488 3207 (2528
1505 3130 1561 3209 sq.)

749 3226 860 3292 uidero
886 3226 915 3292 si
936 3225 1101 3290 nouelli

749 3342 864 3390 uersus
888 3324 951 3390 erit
972 3328 1088 3405 poetae

286 3493 500 3502 ———-—-—-

395 3617 414 3685 ¹)
434 3614 527 3670 critici
546 3615 734 3679 Alexandrini,
764 3615 810 3686 qui
838 3631 937 3670 omnes
963 3613 1026 3669 illos
1054 3614 1103 3685 qui
1129 3617 1197 3684 post
1213 3613 1365 3668 Homerum
1392 3613 1563 3684 scripserunt

287 3697 391 3766 poetae
410 3695 632 3766 praeclarissimo
652 3711 792 3766 opponere
810 3695 953 3759 uolebant,
972 3695 1126 3749 utebantur
1143 3693 1188 3748 uel
1207 3694 1385 3749 substantivo
1404 3688 1433 3745 οἱ
1441 3691 1563 3764 νεώτεροι

287 3774 333 3830 uel
358 3774 499 3830 adiectivo
524 3773 674 3844 ororrpruc'r
698 3775 781 3833 leoni.
807 3774 897 3829 schol.
922 3773 952 3828 in
970 3773 1051 3828 Hom.
1071 3773 1121 3828 Od.
1146 3773 1189 3827 ed.
1208 3772 1328 3828 Dindori
1345 3773 1371 3826 Il
1395 3772 1488 3843 peso
1511 3775 1563 3828 sub

288 3856 403 3911 uocibus
415 3852 567 3926 νεωτερικὸν
579 3857 609 3908 et
620 3849 649 3906 οἱ
657 3852 779 3924 νεώτεροι
791 3856 821 3908 et
833 3853 976 3918 ludoich,
995 3851 1156 3907 Aristarcho
1172 3852 1248 3908 horn.
1261 3852 1417 3907 'lextkritlk
1428 3853 1453 3907 ll
1471 3869 1497 3923 p.
1509 3852 1563 3908 757
1674 3905 1677 3912 ,

287 3952 309 3991 s.
324 3953 350 3993 u.
368 3934 518 4006 vrorrprudc
530 3937 558 3989 et
570 3932 708 4004 νεώτεροι).
745 3933 839 3989 Latini
857 3933 933 4005 epud
952 3949 1023 4004 quos
1035 3931 1174 4001 Vergilius
1193 3932 1311 3987 eundem
1331 3949 1413 4004 quem
1425 3933 1563 3988 Homerus

287 4016 364 4086 opud
383 4015 507 4071 Graecos
525 4016 618 4071 locum
646 4016 771 4078 tenebat,
800 4014 875 4068 hune
894 4029 974 4067 usum
1001 4011 1208 4067 transtulerunt
1225 4012 1254 4066 in
1282 4012 1498 4067 commentarios
1526 4013 1563 4067 ed

287 4095 391 4165 Vergili
417 4095 541 4151 carmine
566 4094 661 4149 sectos
687 4093 772 4164 (coni.
792 4093 872 4148 Serui
896 4092 975 4148 locos
998 4108 1082 4162 supra
1106 4091 1218 4146 adlatos
1237 4094 1267 4146 et
1285 4091 1407 4147 Leonem
1425 4092 1442 4148 l.
1456 4093 1495 4161 s),
1520 4093 1563 4147 ite

287 4178 386 4230 tamen
404 4179 436 4230 ut
454 4175 594 4231 adiectiuo
613 4172 721 4229 Graeco
741 4175 828 4229 etiarn
846 4189 897 4244 pro
916 4172 1094 4227 substantioe
1113 4174 1268 4237 uterentur,
1291 4170 1425 4243 quoniam
1442 4169 1562 4242 νεώτεροι

288 4270 353 4310 cum
371 4255 466 4324 lingua
485 4254 588 4309 Latine
606 4271 662 4309 non
682 4254 876 4309 conueniebat.
914 4253 974 4307 lem
992 4255 1079 4307 antee
1097 4252 1192 4308 Cicero
1211 4251 1259 4320 (ad
1271 4252 1330 4305 Art.
1344 4250 1369 4315 7,
1388 4250 1413 4316 2,
1435 4251 1458 4321 ll
1477 4253 1562 4307 verbo

286 4332 408 4404 νεώτεροι
445 4337 545 4404 poetas
576 4333 678 4389 Catulli
714 4334 845 4404 aequales
875 4333 1086 4398 uomineuerat,
1125 4332 1171 4402 qui
1208 4332 1387 4385 hexametros
1424 4331 1563 4402 spondea-

289 4415 389 4469 zontes
416 4413 560 4469 amobont.
607 4415 706 4485 ltaque
733 4430 790 4469 non
817 4416 892 4469 recto
920 4413 990 4468 dixit
1017 4413 1178 4469 Schultzius
1208 4412 1234 4481 (l.
1263 4426 1284 4464 s.
1312 4427 1338 4481 p.
1357 4410 1420 4481 275)
1448 4414 1563 4467 uerbum

289 4492 479 4548 »neotericus«
500 4492 619 4563 primurn
637 4494 743 4550 dietum
761 4510 823 4549 esse
841 4511 859 4549 a
877 4494 1013 4549 Romanis
1031 4495 1065 4549 de
1083 4495 1165 4548 rebus
1183 4490 1327 4547 Romanis.

394 4575 414 4642 2)
433 4573 508 4629 conl.
537 4574 682 4630 Aliredum
709 4574 810 4630 Werth
838 4576 867 4630 in
895 4574 1068 4629 Fleckeiseni
1096 4572 1188 4628 annal.
1217 4571 1309 4642 suppl.
1336 4571 1372 4626 23
1399 4572 1465 4627 enni
1494 4571 1563 4627 1897

286 4671 314 4726 p.
327 4652 434 4726 hiltisq.
