3567 5217
796 371 1018 430 ..20-

753 561 771 608 o
794 542 866 623 quis
889 541 1037 609 Adonem

753 659 845 723 spem
869 641 1062 723 cythereae.

268 766 383 833 Nonne
398 784 512 833 uersus
529 765 675 833 Graecus
697 770 731 833 et
748 783 863 831 uersus
878 765 1018 833 Latinus
1033 767 1123 848 prior
1138 765 1184 833 ita
1199 766 1285 832 inter
1301 784 1337 832 se
1354 771 1549 849 congruunt,

268 870 306 931 ut
327 865 413 931 hunc
436 882 509 931 esse
531 883 663 931 uersum
685 882 727 930 ex
748 862 804 929 illo
827 881 965 930 necesse
988 862 1055 930 sit?
1091 863 1183 947 Quod
1206 864 1234 930 si
1258 864 1299 930 de
1322 864 1425 931 altero
1448 882 1548 930 uersu

268 960 388 1029 Latino
411 967 572 1045 putamus,
597 960 638 1027 de
661 962 816 1027 ambobus
838 960 926 1026 idem
947 960 1155 1027 iudicandum
1178 966 1237 1028 est
1284 961 1445 1029 Graecum
1467 980 1549 1028 uero

268 1080 399 1127 uersum
415 1060 556 1127 editores
572 1057 722 1141 Sapphus
741 1057 818 1125 iude
833 1078 853 1124 a
867 1059 1012 1141 Bergkio
1028 1058 1128 1126 uariis
1144 1059 1186 1125 de
1202 1058 1308 1125 causis
1324 1060 1550 1141 ascripserunt

268 1159 415 1241 poetriae
437 1157 613 1238 Lesbiae.¹)
660 1156 811 1239 Sapphus
837 1156 939 1239 igitur
965 1156 1095 1223 uidetur
1116 1156 1219 1223 fuisse
1243 1175 1373 1223 carmen
1394 1157 1548 1223 uersibus

270 1255 396 1322 adoniis
419 1256 633 1338 compositum
664 1274 706 1320 ex
736 1273 797 1335 quo
827 1254 922 1320 nobis
952 1254 1022 1321 noti
1052 1260 1129 1320 sunt
1156 1254 1218 1319 duo
1246 1273 1362 1321 uersus
1391 1254 1550 1336 continuir

268 1354 357 1436 prior
387 1353 514 1421 Graeco
546 1371 695 1419 sermone
726 1349 755 1415 ὦ
781 1350 836 1415 τὸν
852 1351 1006 1425 Ἄδωνιν,
1038 1352 1122 1419 alter
1150 1353 1329 1419 translatus
1361 1371 1380 1417 a
1409 1353 1550 1418 metrico·

269 1452 407 1535 quodam
428 1452 464 1518 iu
486 1452 631 1534 linguam
653 1450 806 1517 Latinam
833 1468 944 1532 »spem
965 1449 1178 1532 Cythereae«.
1194 1486 1238 1496 -
1252 1449 1334 1517 Inde
1354 1470 1373 1516 a
1393 1449 1550 1532 Sapphus-

269 1555 378 1617 aetate
401 1568 504 1631 nsque
520 1549 561 1615 ad
577 1549 811 1616 Terentianum
827 1566 943 1614 uersus
958 1548 1042 1613 tales
1062 1546 1142 1611 κατὰ
1158 1548 1262 1629 στίχον
1276 1548 1375 1630 positi
1391 1547 1549 1614 uidentur·

269 1648 431 1715 obliuione
454 1647 560 1714 obruti
581 1647 695 1729 inisse,
722 1665 798 1713 nam
825 1645 888 1712 duo
915 1664 1031 1712 uersus
1052 1644 1184 1712 fistulae
1207 1646 1450 1726 Theocriteaeh
1473 1646 1549 1712 fere

268 1746 387 1812 nullius
425 1744 581 1811 momenti
620 1748 704 1811 sunt.
771 1743 816 1811 ut
849 1743 1046 1811 Terentiano
1082 1761 1206 1824 quoque
1241 1745 1391 1825 exempla
1423 1744 1549 1810 Latina

268 1849 399 1926 praesto
429 1862 492 1909 nou
522 1842 625 1909 fuisse
656 1862 697 1909 ex
729 1860 766 1909 eo
799 1842 963 1924 concludo,
995 1841 1080 1923 quod
1111 1841 1193 1907 satis
1219 1860 1336 1923 magno
1365 1860 1444 1908 sane
1472 1861 1544 1907 oum

268 1943 380 2008 labore
404 1959 534 2007 carmen
557 1941 709 2006 adonium
732 1959 773 2006 ex
792 1940 941 2007 frustulis
956 1939 1154 2021 Vergiliauis
1182 1939 1379 2022 congessit.¹³)
1424 1941 1549 2007 Postea

268 2058 345 2105 uero
368 2039 430 2105 hoc
453 2044 557 2105 metro
580 2038 631 2105 usi
654 2044 730 2105 sunt
751 2043 868 2120 poetae
893 2035 1110 2120 complures‚⁴)
1140 2037 1189 2104 eis
1211 2036 1351 2103 tortasse
1374 2037 1439 2103 nisi
1461 2056 1545 2118 quae

269 2136 484 2202 Terentianus
508 2141 713 2217 exposuerat.

376 2292 426 2352 11.
449 2291 708 2353 tetrameter
742 2287 990 2368 dactylicus
1025 2287 1315 2353 catalecticus
1348 2286 1391 2352 in
1424 2306 1544 2352 unam

269 2385 488 2468 syllabam.
544 2385 629 2449 Tota
663 2384 807 2451 carmina
840 2404 882 2451 ex
915 2386 1036 2451 talibus
1070 2390 1198 2451 tantum
1231 2385 1380 2451 uersibus
1414 2384 1544 2451 uidetur

267 2483 390 2563 primus
422 2482 642 2564 composuisse
672 2482 831 2566 Serenus;
864 2500 970 2563 neque
1002 2483 1088 2549 enim
1117 2482 1282 2548 inuenitur
1312 2484 1374 2548 hoo
1404 2488 1543 2548 metrum

268 2579 354 2662 apud
387 2586 503 2662 poetas
536 2580 700 2647 Romanos
736 2586 812 2649 ante
847 2579 1014 2662 Serenum,
1049 2586 1083 2646 et
1106 2580 1322 2647 Terentianus
1354 2580 1401 2646 sie
1433 2579 1474 2646 de
1505 2598 1546 2645 eo

267 2680 369 2745 uerba
390 2678 501 2763 tacit⁶t

503 2793 690 2876 Septimius,
715 2792 824 2860 docuit
847 2812 909 2874 quo
932 2793 1016 2859 ruris
1039 2794 1193 2875 opuscula
1215 2793 1307 2877 libro,

630 2891 692 2957 hoc
713 2909 836 2973 genere
860 2890 995 2957 adsidue
1019 2891 1154 2973 cecinit;

630 3007 753 3071 ponere
775 3007 881 3070 pauca
903 2988 982 3054 mihi
1005 2994 1057 3055 sat
1080 2990 1154 3071 erit,

635 3086 752 3168 ‘inquit
775 3086 898 3152 amicus
922 3105 1001 3169 ager
1024 3086 1151 3152 domino

634 3184 789 3267 „sibene
812 3184 856 3250 mi
878 3184 992 3267 facias,
1017 3182 1198 3250 memini“’:

635 3283 744 3364 ‘pinea
767 3282 899 3348 brachia
922 3300 994 3348 cum
1016 3281 1192 3365 trepidant,

632 3380 726 3446 audio
750 3380 945 3446 canticninm
968 3380 1118 3462 zephyri?
1128 3379 1159 3460 ⁶)-

267 3498 461 3567 Audendum
485 3504 537 3565 est
558 3504 731 3579 praeterea
752 3497 792 3562 ir.
810 3501 849 3562 15
875 3496 991 3562 Sereni

673 3631 749 3678 rure
771 3613 880 3694 puella
902 3617 1003 3695 negat
1024 3611 1138 3676 uirida.

268 3733 308 3798 In
330 3732 392 3796 hoc
411 3737 515 3796 metro
535 3733 652 3810 poetae
667 3728 806 3793 Romani
825 3747 984 3808 nusquam
1004 3726 1183 3808 spondeum
1201 3733 1381 3815 posuerunt
1396 3727 1546 3809 exceptis

267 3829 457 3911 Pomponio,
482 3846 577 3907 quem
603 3826 770 3892 tamenin
793 3826 1036 3891 choricishunc
1058 3841 1188 3889 uersum
1212 3843 1283 3890 cum
1307 3824 1443 3894 dimetro
1468 3844 1543 3890 ana·

268 4051 482 4060 ————-—

375 4190 538 4262 hmfflR

375 4272 394 4338 9)
413 4288 460 4325 uu.
475 4269 509 4325 1‘1
527 4272 557 4323 et
577 4269 610 4323 18
627 4284 654 4340 p.
669 4267 721 4323 150
738 4266 804 4323 Wil.

375 4351 394 4419 ³)
413 4366 459 4405 uu.
473 4348 622 4404 aloa-ue.

374 4430 395 4500 ⁴)
414 4430 509 4501 Optat.
522 4428 598 4485 Pori.
617 4445 640 4483 e.
658 4427 693 4481 22
711 4443 757 4482 uu.
774 4426 912 4481 XI-XIV
930 4443 956 4497 p.
969 4426 1005 4481 64
1022 4426 1109 4494 Mue.;
1137 4426 1219 4482 Mart.
1232 4425 1297 4496 Cap.
1310 4424 1335 4491 2,
1348 4424 1412 4491 125;
1441 4425 1545 4481 Boeth.

269 4509 304 4564 de
324 4525 400 4565 cous.
414 4510 508 4581 phil.I
526 4525 610 4564 earm.
624 4509 654 4574 73
674 4507 782 4563 Ennod.
798 4507 821 4573 1,
831 4508 857 4573 7,
866 4507 982 4563 etr-80.

375 4591 395 4659 ὖ)
413 4606 459 4644 uu.
475 4589 610 4661 lSTbsqq.

375 4668 604 4733 memst
