3567 5217
804 334 1027 396 -18-

276 504 415 585 denique
437 505 472 570 in
486 505 612 572 Ausoni
634 506 776 572 carmine
802 506 900 587 186.¹)
946 508 1177 590 Aristophanis
1194 511 1323 590 quidem
1339 517 1373 579 et
1388 512 1550 580 'limothei

273 610 308 669 θῖ
337 602 455 669 incerti
486 603 626 669 auctoris
656 621 771 670 uersus
800 605 835 670 in
864 606 1060 672 carminibus
1092 609 1308 689 anapaesticis
1330 609 1468 676 infuisse
1490 630 1549 693 pro

275 705 364 768 certo
394 701 577 767 habendum
608 707 669 784 est,
700 702 798 768 sicuti
828 703 883 768 alii
914 722 1040 784 quoque
1074 711 1193 785 poetae
1224 705 1343 773 Graeci
1365 707 1451 775 inter
1474 728 1550 774 aua·

273 804 406 882 paestos
441 798 610 865 occasione
652 799 729 866 data
768 801 1057 882 proceleumaticos
1095 808 1283 884 posuerunt,
1321 808 1358 869 ut
1395 805 1549 872 maiorem

274 897 476 964 celeritatem
498 896 551 963 uel
573 897 639 964 tale
664 897 785 979 aliquid
807 898 1006 980 indicarent3
1028 898 1209 965 Ausonium
1232 902 1374 968 carmine
1398 922 1455 969 suo
1472 902 1550 984 Sep

273 995 400 1061 timiam
423 994 579 1061 Serenum
602 994 761 1060 imitatum
786 1014 860 1062 esse
880 995 995 1075 ianas
1012 996 1248 1063 demonstrabo.
1293 999 1435 1066 Restant
1448 1000 1550 1082 igitur

273 1093 369 1159 (laesi
390 1092 497 1175 Bassi,
520 1092 767 1174 neotericorum‚
789 1093 949 1175 Diogenis
971 1093 1097 1159 Laertii
1119 1113 1243 1177 uersus,
1266 1095 1354 1162 inter
1370 1117 1450 1177 quos
1466 1116 1548 1179 quae

272 1191 356 1257 ratio
386 1190 577 1273 intercedat,
608 1190 783 1256 uidendum
814 1195 873 1256 est.
926 1190 995 1257 Nec
1017 1192 1200 1274 Diogenem
1223 1211 1284 1259 neo
1307 1193 1465 1260 Serenum
1487 1195 1549 1260 hoc

272 1294 410 1354 metrum
432 1287 597 1353 inuenisse
621 1294 767 1369 apparet,
790 1305 867 1353 nam
888 1287 1012 1354 Bassus
1035 1289 1100 1355 iam
1123 1296 1220 1357 antea
1243 1309 1281 1357 eo
1303 1310 1382 1357 usus
1405 1297 1473 1375 est;
1507 1293 1548 1358 de

271 1387 334 1453 boc
356 1403 434 1451 uero
457 1387 529 1466 ipso
553 1385 630 1467 quid
652 1385 859 1450 iudicandum
882 1385 936 1467 sit,
961 1386 1042 1452 satis
1058 1386 1191 1454 difficile
1207 1392 1259 1454 est
1274 1388 1371 1455 dictu.
1408 1389 1548 1455 Bassum

276 1485 363 1550 euim
397 1502 512 1550 uersus
543 1502 642 1565 supra
671 1483 798 1549 adlatos
829 1477 976 1549 consulto
1006 1483 1136 1567 iecisse,
1168 1491 1205 1551 ut
1235 1487 1418 1567 exemplum
1452 1488 1549 1552 metri

272 1581 537 1664 proceleumatici
567 1580 696 1647 adferre
725 1585 847 1662 posset,
882 1598 948 1645 non
979 1588 1031 1647 est
1052 1582 1238 1665 uermimile,
1261 1583 1410 1664 quoniam
1432 1602 1548 1650 uersus

271 1680 360 1746 inter
383 1698 418 1745 se
441 1696 506 1744 non
530 1677 712 1744 cohaerent.
769 1677 890 1745 Oontra
912 1677 942 1743 si
965 1666 1135 1745 statuimus
1159 1698 1232 1745 enm
1255 1699 1297 1746 ex
1323 1681 1465 1748 carmine
1496 1681 1549 1747 uel

272 1796 329 1843 suo
354 1777 406 1870 uel
429 1776 534 1843 alieno
557 1777 639 1842 haec
662 1776 812 1858 exempla
835 1776 1003 1859 selegisse,
1028 1794 1094 1842 non
1116 1775 1181 1842 iam
1204 1777 1267 1844 erit
1286 1779 1401 1844 mirum
1418 1797 1548 1845 sensum

273 1875 502 1941 cohaerentem
531 1893 596 1940 non
623 1874 733 1940 inesse
760 1873 927 1955 uersibus;
958 1892 999 1939 ex
1021 1874 1145 1940 Ausoui
1175 1875 1262 1941 enim
1286 1877 1429 1942 carmine
1451 1876 1548 1942 facile

271 1973 468 2055 perspicitur
489 1973 569 2038 talia
592 1973 736 2038 carmina
757 1991 815 2053 pro
838 1971 1121 2053 proceleumaticis
1145 1978 1340 2053 anapaestos
1364 1992 1490 2054 quoque
1514 1980 1549 2040 et

274 2070 422 2151 dactylos
452 2089 691 2150 nonnumquam
721 2069 917 2151 exhibuisse,
943 2069 1079 2135 metrico
1110 2087 1188 2136 uero
1212 2070 1243 2135 ei
1265 2089 1381 2137 uersus
1404 2072 1547 2153 eligendi

274 2173 368 2235 erant
397 2168 431 2232 in
462 2169 577 2247 quibus
611 2168 691 2233 meri
719 2172 846 2232 tantum
873 2165 1138 2248 proceleumatici
1160 2167 1298 2233 inerant.
1351 2167 1418 2234 Sed
1439 2174 1548 2234 utrum

273 2284 389 2332 uersus
413 2265 508 2331 Caesi
529 2265 627 2331 Bassi
650 2283 691 2330 an
720 2264 854 2329 alterius
877 2270 995 2344 poetae
1018 2264 1094 2345 sint,
1118 2283 1183 2330 nou
1206 2264 1317 2344 liquet.
1362 2265 1435 2332 Hoc
1458 2267 1548 2331 ualet

275 2364 316 2430 de
346 2364 511 2444 uersibus,
546 2363 586 2429 de
617 2367 720 2428 metro
750 2362 822 2444 ipso
854 2360 998 2427 fortasse
1024 2361 1111 2426 idem
1142 2361 1350 2427 iudicandum
1373 2368 1545 2443 astatque

272 2465 371 2527 antea
401 2460 441 2527 de
473 2461 610 2526 dimetro
642 2459 850 2542 anapaestico
883 2459 925 2538 (8)
958 2458 1106 2524 dixirim.
1151 2460 1234 2524 Nam
1258 2460 1343 2540 quod
1364 2460 1547 2542 Diogenem

269 2560 374 2626 Basso
398 2559 452 2624 uel
474 2558 595 2625 Sereno
619 2557 680 2623 niti
703 2575 838 2624 censere
860 2575 925 2622 nou
947 2555 1035 2637 licet,
1059 2556 1234 2622 uerisimile
1258 2558 1396 2623 ostiam
1418 2565 1547 2638 poetam

272 2657 432 2737 quendam
455 2655 711 2722 Alexandrinum
741 2656 803 2720 hoc
826 2659 931 2720 metro
955 2671 1048 2718 usum
1071 2671 1145 2719 esse
1169 2659 1202 2719 et
1225 2656 1265 2719 ab
1290 2673 1328 2721 eo
1352 2661 1386 2721 et
1407 2656 1547 2720 Bassum

272 2760 307 2821 et
329 2754 510 2835 Diogenem
532 2753 685 2834 pendere.

385 2859 442 2919 9a.
465 2852 665 2918 trimeter
688 2849 998 2932 anapaesticus
1022 2848 1290 2916 catalectius

907 3000 915 3030 Ι

453 3038 732 3104 Gussv‘u-
802 3030 1116 3100 QDQOEJ-
1185 3026 1371 3098 wssg

271 3163 356 3245 apud
380 3164 453 3229 Ter.
468 3164 569 3227 Maur.
584 3182 614 3227 u.
632 3167 716 3228 1857
741 3165 776 3227 et
797 3161 832 3226 in
854 3161 922 3225 Inc.
937 3179 988 3224 uu.
1005 3164 1135 3225 58—60
1160 3157 1245 3239 apud
1260 3157 1397 3223 Marium
1408 3158 1546 3224 Victori-

271 3280 348 3326 num
372 3261 521 3326 sernatis.
566 3260 706 3326 Metrum
722 3259 844 3324 sinere
859 3257 1059 3323 neotericam
1075 3262 1137 3338 est,
1162 3260 1324 3336 sumptum
1340 3262 1392 3321 est
1406 3255 1547 3322 fortasse

274 3377 316 3425 er
339 3358 481 3424 carmine
505 3357 625 3424 Simiae
647 3356 776 3439 Rhodii,
800 3357 841 3421 de
865 3374 927 3436 quo
943 3351 1176 3436 Hephaestio’l
1201 3353 1248 3420 sic
1263 3354 1363 3419 uerba
1378 3352 1474 3418 iacit:
1492 3352 1547 3433 Τῷ

271 3456 490 3538 καταληκτικῷ
513 3455 548 3519 δὲ
569 3456 724 3538 τριμέτρῳ
747 3453 862 3536 Σιμίας
885 3451 1042 3521 ὁῬόὸιος
1065 3450 1140 3514 ὅλον
1161 3451 1349 3532 ποιημάτιον
1371 3451 1510 3531 ἔγραψεν

552 3552 652 3616 ‘Ionio
675 3553 764 3633 ἁγνά,
788 3552 839 3614 ἀπ’
865 3550 1013 3623 ἕϋξείνων
1035 3550 1116 3631 μέσα
1140 3548 1262 3629 τοίχων.

271 3651 472 3718 Baehrensio
505 3669 582 3716 uero
614 3650 667 3730 qui
699 3655 794 3731 putat
825 3649 963 3713 Marium
995 3647 1196 3712 Victorinum
1228 3651 1297 3711 tres
1327 3644 1401 3711 illos
1432 3663 1547 3710 uersus

271 3749 388 3815 incerti
409 3754 528 3831 poetae
551 3748 728 3828 sumpsisse
745 3765 787 3812 ex
802 3745 916 3812 eodem
933 3745 1047 3811 Sereni
1071 3742 1213 3808 carmine
1235 3760 1369 3824 prorsus
1390 3741 1547 3806 adsentiri

272 3865 414 3928 nequeo;
446 3863 637 3927 quamquam
667 3843 753 3909 enim
783 3849 916 3922 praeter
944 3843 1004 3906 hos
1034 3857 1150 3905 uersus
1183 3850 1217 3905 et
1246 3840 1313 3905 Inc.
1333 3858 1363 3905 u.
1386 3846 1426 3905 63
1451 3857 1546 3921 quem

271 3943 385 4025 intrat
410 3942 532 4009 Sereno
556 3942 778 4022 attribuemus,
808 3940 931 4018 reliqna
959 3956 1085 4018 quoque
1113 3937 1213 4002 totius
1237 3936 1353 4018 capitis
1376 3936 1545 4010 Menenio

273 4043 422 4123 exempla
444 4077 481 4086 -
512 4038 583 4104 dico
607 4039 674 4105 luc.
691 4057 742 4103 uu.
759 4041 799 4102 61
829 4055 924 4116 quem
953 4034 1074 4100 Sereno
1103 4034 1194 4100 dedit
1213 4033 1494 4116 Wernsdortius,⁶l
1512 4041 1547 4099 et

379 4220 397 4283 ¹)
416 4234 442 4287 p.
456 4215 491 4269 54
510 4214 537 4268 S.
549 4211 586 4266 46
604 4211 634 4266 Ρ.

378 4297 397 4364 ⁹)
417 4313 443 4367 p.
455 4295 491 4350 46
510 4311 550 4365 sq.

379 4377 398 4442 ³)
417 4392 445 4446 p.
457 4375 500 4440 27,
510 4374 547 4428 20
564 4370 700 4441 Westph,
714 4386 739 4440 p.
752 4369 795 4434 26,
808 4369 841 4423 14
859 4367 973 4423 Gousbr.

378 4456 398 4603 4
417 4455 691 4606 {liiii-asar.
729 4493 734 4502 ’

379 4618 398 4685 ⁶)
417 4616 497 4670 Poet.
511 4614 572 4668 Lat.
585 4612 652 4666 min.
665 4611 721 4666 uol.
735 4609 759 4663 lI
776 4624 803 4678 p.
816 4607 864 4661 291
887 4606 921 4661 fr.
933 4607 976 4661 31.
