3567 5217
825 363 1048 424 ..14-

292 555 338 604 ex
360 535 492 618 dipodia
515 555 610 616 quam
633 535 856 602 desideramus
885 537 920 601 iu
950 536 1093 603 trimetri
1126 535 1232 602 claudi
1253 536 1356 603 initio.
1378 572 1422 582 —
1452 536 1498 604 nt
1519 536 1572 602 hic

293 634 436 701 fortasse
460 633 580 700 addere
612 634 690 700 licet
714 634 842 700 omnino
865 635 945 702 mihi
966 652 1032 699 uon
1055 652 1129 700 esse
1151 652 1342 715 persuasum
1365 633 1481 700 Sereni
1503 654 1573 700 car·

296 731 383 797 mina
416 731 451 796 in
486 732 668 814 complures
699 731 801 798 libros
822 731 926 799 fuisse
960 731 1093 798 diuisos.
1148 731 1244 798 Alter
1277 732 1363 798 enim
1396 732 1486 798 locus
1510 751 1571 813 quo

296 829 413 896 Sereni
435 828 519 895 liber
543 829 672 910 quidam
695 834 976 912 commemoratur,
999 830 1166 895 inuenitur
1189 829 1276 911 apud
1299 830 1508 896 scholiastam
1530 831 1572 896 ad

294 927 458 994 quenalis
483 927 635 993 carminis
658 927 765 1007 quarti
779 945 910 993 uersum
926 926 963 993 2:
989 927 1070 993 >AD
1086 924 1267 993 PARTES.
1311 927 1373 994 hoc
1396 932 1449 994 est
1463 929 1572 1010 operis

294 1024 368 1091 mei.
399 1024 593 1092 metatorum
619 1024 700 1090 iacit
722 1043 742 1090 a
765 1025 939 1092 comoedia.
970 1030 1028 1091 ant
1053 1024 1096 1091 ad
1118 1030 1231 1108 partes
1258 1025 1350 1107 qnasi
1375 1025 1571 1108 comoediae,

292 1139 380 1204 quae
404 1122 526 1189 multae
549 1123 681 1189 suntin
704 1141 787 1204 enm,
819 1127 876 1188 aut
899 1123 942 1188 ad
963 1128 1076 1206 partes
1100 1124 1193 1203 qnasi
1216 1123 1356 1189 conuiuii
1386 1127 1421 1189 et
1444 1123 1572 1205 copula·

296 1218 395 1287 tionis
418 1238 560 1286 mensae.
582 1221 631 1286 ita
661 1225 696 1286 et
718 1219 861 1288 Serenus
883 1221 966 1289 libro
988 1223 1032 1289 Π.
1078 1224 1118 1289 'tz
1160 1241 1235 1304 ‘non
1259 1223 1388 1306 dignus,
1419 1223 1452 1288 iu
1476 1240 1571 1305 qoem

294 1318 434 1384 debeam
457 1324 602 1384 saturam
626 1319 754 1386 calente
776 1319 810 1385 ni
833 1318 1056 1402 adiugerere'‹
1070 1321 1092 1400 ¹)
1122 1321 1208 1388 Saue
1231 1321 1312 1387 satis
1334 1321 1419 1387 lenis
1440 1320 1572 1387 uidetur

293 1416 466 1482 Achaintri
488 1416 624 1481 mutatio
652 1416 846 1500 »Serenus«,
870 1417 928 1484 sed
953 1437 1124 1485 caueamus
1153 1438 1196 1486 ue
1217 1420 1252 1485 iu
1274 1418 1413 1485 maiores
1437 1417 1572 1484 difficul-

293 1519 381 1581 tates
403 1513 591 1581 incidamus.
636 1515 837 1597 Fragmenta
853 1516 939 1582 enim
956 1517 1071 1583 Sereni
1085 1517 1277 1598 perlustres:
1301 1534 1407 1582 nonne
1423 1517 1570 1582 omuibus

291 1613 384 1679 locus
407 1630 481 1679 esse
504 1603 668 1694 potnitin
691 1611 862 1694 Opusculis
889 1612 1072 1680 ruralibus?
1125 1613 1248 1681 Contra
1278 1614 1408 1694 quinam
1435 1613 1471 1678 in
1501 1632 1572 1679 car-

294 1710 435 1775 miuibns
458 1710 619 1776 ruralibus
641 1711 732 1777 loeus
755 1716 808 1777 est
830 1710 985 1777 saturae?
1036 1711 1178 1778 Serenus
1201 1712 1322 1795 lyricus
1344 1711 1529 1777 nominatur
1551 1730 1571 1776 a

292 1806 442 1890 aanor)
465 1826 623 1888 nusquam
647 1812 829 1874 saturarum
852 1809 1000 1892 scriptor,
1022 1808 1312 1891 nequeqnicquam
1332 1809 1366 1874 iu
1390 1809 1460 1874 eius
1482 1807 1570 1892 frag-

293 1905 413 1972 mentis
436 1910 528 1972 111111
551 1905 635 1987 quod
658 1912 789 1972 saturae
813 1907 957 1988 speciem
979 1909 1145 1990 praebeat.
1189 1908 1370 1973 Praeterea
1390 1906 1479 1972 locus
1497 1906 1570 1987 ipse

291 2003 489 2070 scholiastae
513 2004 797 2086 desperatissimus
822 2010 882 2071 est.
927 2005 1064 2071 Lemma
1094 2007 1180 2072 enim
1203 2009 1255 2070 est
1281 2004 1340 2070 »ad
1363 2010 1508 2086 partes«,
1537 2010 1571 2070 et

284 2100 370 2180 .quid
398 2100 456 2166 »ad
479 2107 610 2183 partes«
646 2101 809 2184 significet
838 2103 1118 2170 demonstraturus
1149 2107 1200 2169 est
1229 2102 1281 2167 uir
1310 2101 1424 2168 doctus
1455 2100 1569 2167 Seseui

291 2199 380 2280 loco;
419 2217 513 2279 quem
547 2218 648 2282 graue
683 2200 915 2267 detrimentum
951 2202 1117 2283 accepisse
1152 2204 1291 2282 oportet,
1322 2198 1471 2281 quoniam
1509 2197 1569 2263 »ad

293 2301 425 2379 partes«
452 2315 517 2362 nou
539 2298 636 2363 inest.
681 2299 796 2379 Itaque
818 2299 853 2364 iu
875 2301 1005 2366 nomine
1029 2317 1154 2380 quoque
1170 2298 1311 2365 auctoris
1323 2297 1459 2363 mutatio
1482 2295 1569 2362 haud

292 2395 342 2460 ita
364 2394 448 2461 lenis
471 2394 613 2461 fortasse
637 2397 840 2478 comprobari
862 2398 993 2479 poterit.
1040 2396 1186 2463 Scribam
1208 2397 1308 2479 igitur
1330 2415 1402 2462 cum
1426 2393 1568 2476 Casparo

294 2491 431 2559 Barthio
451 2492 643 2576 »Seuerus«,
666 2513 742 2560 uam
754 2494 902 2561 Cassium
919 2495 1074 2562 Seuerum
1089 2500 1250 2561 oratorem
1267 2498 1396 2560 constat
1411 2492 1567 2558 1111111111

293 2591 329 2656 in
343 2591 492 2657 homines
507 2592 670 2658 inuectum
686 2611 761 2659 esse
781 2594 990 2675 »procacibus
1007 2593 1155 2674 scriptis«
1176 2610 1259 2673 quae
1274 2590 1382 2657 adfert
1397 2589 1529 2656 Tacitus
1536 2588 1568 2667 ³).

290 2689 410 2768 ltaque
441 2707 558 2756 censeo
587 2688 702 2756 Sereni
729 2690 919 2772 »opuscula«
955 2696 992 2755 ut
1020 2690 1147 2756 Ausoni
1181 2688 1370 2770 »opuscula«
1401 2689 1435 2753 iu
1467 2687 1568 2752 libros

295 2787 476 2868 complures
499 2805 565 2852 non
586 2786 689 2854 fuisse
712 2788 825 2854 diuisa.

380 2890 439 2950 4a.
455 2884 630 2951 dimeter
644 2887 890 2953 trochaicus
908 2887 1166 2953 catalecticus
1183 2886 1238 2966 qui
1251 2889 1387 2952 uocatur
1401 2882 1565 2966 ληκύθιον,

291 2982 379 3064 apud
403 2983 476 3048 Ter.
499 2982 601 3047 Maur.
624 3002 676 3049 uu.
700 2988 797 3049 2466.
821 2989 1008 3067 2474-76,
1031 2984 1066 3049 11
1088 2986 1155 3050 Iuc.
1179 3003 1208 3049 u.
1234 2988 1295 3049 127
1321 2989 1356 3048 et
1369 2981 1511 3047 fortasse
1534 2981 1568 3045 in

294 3079 410 3146 Sereni
432 3078 509 3145 114

738 3179 934 3247 semiramex
956 3180 1123 3262 Herculea,

293 3276 323 3341 si
345 3293 460 3342 uersus
483 3275 613 3359 integer
636 3283 695 3343 est.
741 3278 925 3344 Dolendum
949 3285 1000 3344 est
1030 3297 1090 3345 uos
1120 3277 1248 3344 nescire
1279 3276 1387 3343 sintne
1409 3272 1568 3341 neoterici

292 3374 353 3440 hoo
375 3391 474 3439 uersu
496 3374 547 3439 usi
569 3373 649 3437 κατὰ
673 3375 793 3459 στίχον;
828 3394 905 3442 nam
935 3394 977 3446 11
1004 3376 1192 3443 Terentiaui
1219 3375 1367 3441 uersibus
1397 3372 1567 3439 admodum

293 3471 408 3552 paucis
441 3471 504 3537 hoc
527 3490 685 3554 apparere
707 3492 771 3539 nou
794 3479 881 3556 puto.
927 3474 1050 3540 Tamen
1074 3491 1270 3555 quocumque
1291 3471 1388 3537 modo
1410 3471 1492 3536 haec
1515 3488 1568 3536 res

383 3691 401 3760 ²)
421 3707 447 3762 p.
467 3690 521 3745 216
549 3691 591 3747 ed.
610 3692 694 3748 Jahn.
722 3723 758 3732 -
777 3693 908 3763 Sesamus]
936 3693 1067 3749 Sisenna:
1096 3694 1213 3764 Popma.
1254 3693 1385 3747 Seuerus:
1414 3691 1443 3746 G.
1468 3690 1567 3746 Barth.

291 3770 426 3825 Serenus:
444 3771 615 3827 hehaiutre.
635 3801 668 3812 -
692 3788 749 3827 uon
768 3772 876 3843 dignus]
897 3773 1068 3843 condignus:
1093 3773 1233 3828 Heinrich.
1252 3802 1287 3812 -
1315 3772 1425 3827 calente
1443 3770 1472 3825 ui
1490 3769 1567 3825 adiu·

293 3850 398 3921 gerere]
419 3849 530 3905 calente
548 3851 608 3906 uiro
619 3852 761 3921 lugerere:
780 3852 953 3908 Lachmann.
966 3854 1106 3908 calentem
1118 3852 1272 3922 adciussier:
1292 3851 1435 3908 Lucienus
1443 3849 1566 3905 Mueller.

290 3932 433 3986 calentem
451 3930 614 4001 adcingere:
634 3932 790 3988 Buecheler
806 3933 836 3987 in
854 3935 898 3988 od.
917 3934 982 3989 11111.
1001 3950 1028 4004 p.
1040 3932 1085 3987 94.
1103 3933 1241 3987 calentem
1254 3931 1366 3988 uiuidus
1383 3932 1516 4000 ingerere,
1535 3933 1568 3984 ut

292 4011 330 4065 ad
348 4014 444 4082 partos
462 4027 573 4067 uocem:
601 4012 753 4068 Baehrens.
784 4013 896 4068 calente
923 4013 953 4067 ui
971 4014 1105 4083 adingore
1133 4013 1184 4067 aut
1201 4012 1239 4067 ad
1256 4014 1352 4083 partes
1370 4010 1461 4081 operis
1480 4009 1565 4066 ciere:

292 4091 322 4145 C.
342 4090 430 4146 Barth
449 4091 478 4146 iu
497 4091 607 4147 aduers.
627 4094 776 4150 commeat.
795 4092 857 4148 libri
874 4093 913 4147 XI
931 4092 1023 4163 cap.2
1042 4108 1069 4163 p.
1081 4092 1142 4148 515.

382 4171 403 4241 ²)
423 4170 468 4226 ad.
487 4171 556 4226 Aen.
575 4172 657 4237 2,15.

382 4250 401 4319 ³)
420 4267 485 4305 ann.
506 4252 529 4318 1,
540 4251 583 4307 72.
602 4282 637 4291 -
655 4252 796 4307 Nonnulla
814 4252 894 4308 Cassi
912 4253 1009 4309 Seueri
1026 4253 1132 4325 scripta
1148 4253 1237 4309 fuisse
1255 4252 1346 4308 (1111111
1362 4253 1390 4308 iu
1410 4251 1567 4323 complures
1669 4315 1672 4320 .

293 4331 379 4386 libros
398 4330 521 4386 fortasse
548 4331 720 4402 intellegitur
751 4348 785 4387 ex
812 4333 939 4389 Diomod.
965 4350 991 4406 p.
1004 4333 1124 4398 373,de
1158 4335 1223 4390 >sad
1250 4335 1278 4389 iu
1302 4332 1439 4389 sacrificio
1464 4331 1567 4387 Accius

294 4408 407 4466 Cassius
425 4411 461 4465 ad
480 4411 619 4467 'liberium
637 4414 790 4468 secundo
810 4414 922 4469 adolani
941 4414 1036 4481 dicio,
1055 4414 1103 4470 ubi
1121 4415 1174 4471 uiri
1192 4414 1269 4469 docti
1286 4414 1316 4468 iu
1334 4412 1565 4476 eoconsentiunt,

293 4489 369 4561 quod
388 4507 490 4546 nomeu
508 4491 578 4547 Acci
595 4494 646 4547 aut
664 4492 807 4549 Diomedis
825 4496 876 4549 aut
895 4495 1001 4550 scribae
1020 4494 1165 4550 cuiusdam
1184 4510 1276 4549 errore
1293 4492 1441 4564 inrepsisse
1454 4493 1567 4566 dicanti

290 4569 366 4627 coni.
386 4570 519 4626 Priscian.
558 4572 605 4627 GL
624 4572 649 4627 11
666 4589 693 4645 p.
705 4572 809 4640 489,3;
840 4574 969 4630 >Cassius
987 4575 1024 4632 ad
1042 4575 1184 4630 'liberium
1201 4575 1252 4642 11‹‚
1272 4573 1347 4646 quod
1366 4589 1402 4629 ex
1419 4576 1481 4646 ipso
1500 4573 1567 4629 Dio·

290 4650 382 4708 medis
402 4651 465 4707 loco
484 4655 625 4723 sumptum
644 4657 696 4721 ost,
716 4658 746 4709 et
764 4671 791 4725 p.
802 4653 906 4724 Ι1111111
928 4655 1057 4711 »Cassius
1075 4655 1227 4711 similiter«.

1750 975 1760 1288 1

1749 1291 1762 1744 l

1751 1765 1766 2144 1

1751 2147 1766 2578 l

1756 2615 1772 2988 1

1765 4177 1772 4530 l

1770 4745 1771 4758 l

1648 4929 1654 4939 t

1769 5027 1772 5168 l
