3567 5217
773 397 1005 457 -39-

358 575 408 634 12.
432 570 612 650 stropha
635 569 919 650 anapaestica
950 588 991 634 ex
1022 568 1146 633 duobus
1179 567 1325 633 dimetris
1357 571 1391 633 11
1421 586 1529 634 mono·

250 672 352 734 metro
377 673 530 733 constans

651 790 880 891 ,ἕν-υσυ-
898 791 1127 891 -ύ,υ,,-υ11

992 1003 1000 1032 Ι

624 1034 886 1106 ὧυ-Ψυ-υ-
905 1033 1168 1105 &Qu-u!

795 1212 988 1282 ,ῥυ-ε

249 1361 283 1426 in
307 1361 449 1426 carmine
473 1364 549 1442 211,
575 1364 684 1424 1-24
708 1360 760 1438 (68
778 1358 810 1425 S.
834 1367 875 1425 67
894 1360 952 1441 Pl,

358 1463 408 1524 13.
432 1457 596 1523 dimeter
621 1457 899 1538 anapaesticus
922 1456 1180 1522 catalecticus
1209 1456 1279 1523 siue
1302 1456 1524 1537 paroemiacus

251 1555 343 1634 (coni.
359 1576 390 1637 p.
407 1560 505 1636 losq.
522 1556 580 1622 sub
598 1556 628 1635 Β)
652 1554 687 1620 in
710 1554 852 1621 carmine
877 1559 941 1620 176
959 1557 1011 1634 150
1025 1554 1056 1620 S.
1073 1559 1115 1619 40
1131 1556 1188 1634 Pl.
1233 1555 1284 1620 De
1299 1554 1524 1635 monometr01)

249 1654 284 1719 id
306 1653 464 1735 imprimis
488 1652 696 1719 statuendum
720 1659 772 1718 est
794 1671 851 1718 eos
867 1652 921 1732 qui
945 1652 1089 1733 strophis
1112 1653 1306 1719 exeuntibus
1328 1652 1427 1732 positi
1451 1657 1528 1717 sunt

249 1751 410 1831 prioribus
425 1750 507 1816 locis
523 1768 653 1831 semper
668 1749 848 1832 dactylicos
864 1768 947 1832 esse,
967 1769 1031 1831 qua
1046 1750 1239 1815 monometri
1253 1748 1356 1815 forma
1373 1749 1529 1831 synesius

251 1867 376 1930 quoque
398 1849 434 1913 in
454 1849 576 1930 hymno
601 1853 642 1913 lo
667 1847 797 1928 saepius
821 1866 916 1927 quam
939 1847 1011 1912 aliis
1034 1865 1113 1912 usus
1138 1851 1197 1913 est.
1253 1847 1299 1913 Vt
1328 1852 1530 1913 monometer

250 1946 353 2011 oritur
380 1965 421 2011 ex
452 1946 602 2028 dimetro,
634 1946 662 2011 si
692 1947 727 2010 in
757 1945 847 2011 exitu
876 1944 994 2026 prioris
1024 1945 1121 2010 metri
1150 1944 1275 2009 hiatum
1306 1950 1339 2010 et
1369 1945 1529 2026 syllabam

252 2043 427 2125 ancipitem
449 2043 520 2109 fieri
543 2043 752 2125 permittitur,
782 2043 830 2108 sic
853 2043 987 2124 stropha
1015 2060 1140 2124 quoque
1163 2041 1352 2107 Ausoniana
1374 2042 1409 2106 ni
1431 2041 1530 2107 fallor

251 2159 293 2207 ex
314 2159 412 2206 uersu
432 2141 583 2206 continuo
599 2140 690 2206 11111
712 2146 772 2206 111.
818 2139 995 2206 Diomedes
1004 2140 1026 2220 ²)
1044 2141 1130 2206 enim
1145 2141 1207 2205 hoc
1223 2139 1331 2205 adfert
1346 2142 1530 2222 exemplum

250 2238 448 2319 pentametri
472 2238 674 2319 anapaestici
698 2237 872 2303 acatalecti

419 2335 563 2401 celebret
584 2336 738 2401 Phoebus
762 2335 888 2400 cithara
912 2353 1047 2416 superos
1071 2336 1310 2416 omnipotentes
1331 2342 1530 2416 resonetque

721 2433 823 2499 melos
847 2433 951 2498 Musis
973 2432 1138 2514 placitum.

250 2530 322 2597 Hoc
344 2531 379 2595 in
401 2548 499 2596 uersu
523 2530 552 2596 si
575 2530 714 2611 dipodiis
738 2536 773 2597 et
796 2531 899 2596 altera
927 2535 961 2595 et
984 2536 1101 2610 quarta
1128 2530 1321 2596 exeuntibus
1343 2530 1468 2597 hiatum
1496 2536 1531 2596 11

252 2628 410 2711 syllabam
426 2627 600 2709 ancipitem
615 2633 733 2710 poetae
750 2629 1017 2712 concesserimus,
1040 2628 1232 2695 habebimus
1248 2630 1416 2711 stropham
1432 2647 1531 2709 supra

252 2725 403 2791 adlatam.
449 2725 515 2791 Sed
530 2726 601 2792 siue
615 2727 679 2792 hoc
693 2746 807 2793 uerum
823 2732 885 2810 111,
910 2727 979 2793 siue
995 2744 1060 2791 non
1076 2733 1136 2804 est,
1156 2726 1191 2791 id
1207 2731 1336 2792 constat
1349 2727 1530 2792 Ausonium

251 2823 285 2887 iu
308 2823 421 2889 metris
445 2825 663 2906 anapaesticis
687 2824 880 2892 adhibendis
903 2825 1142 2891 neotericorum
1157 2843 1280 2890 morem
1296 2824 1528 2905 quodammodo

252 2925 399 2987 secutum
434 2940 517 2988 esse.
572 2922 646 2987 Hoc
680 2941 718 2988 eo
755 2923 876 2988 certius
911 2929 971 3004 est,
1009 2922 1094 3002 quod
1127 2923 1292 2988 Ausonius
1324 2922 1386 2987 alio
1423 2929 1529 2989 metro

253 3018 454 3099 anapaestici
475 3018 637 3085 simillimo
662 3025 774 3101 aperte
798 3019 914 3085 Sereni
937 3039 1068 3086 carmen
1089 3020 1236 3086 imitatus
1261 3026 1321 3102 est,
1346 3019 1418 3086 dieo

360 3120 411 3181 14.
441 3123 740 3183 tetrametrum
773 3118 1184 3198 proceleumaticum
1219 3117 1528 3186 catalecticum

253 3213 345 3290 (coni.
369 3234 399 3295 p.
426 3220 522 3294 lusq.
546 3216 604 3280 sub
622 3215 652 3294 9)
676 3215 711 3280 in
735 3216 877 3281 carmine
902 3220 966 3282 186
991 3217 1045 3295 (54
1060 3215 1092 3282 S.
1115 3220 1157 3281 46
1174 3216 1231 3294 Pl.

361 3315 411 3376 15.
433 3311 634 3378 trimeter
657 3312 905 3394 dactylicus
929 3313 1221 3379 catalecticus

163 3657 166 3662 ¹
252 3676 286 3739 in
310 3675 452 3741 carmine
475 3681 539 3741 200
564 3676 615 3755 (63
630 3675 661 3741 S.
679 3681 720 3741 58
736 3676 793 3755 Pl.
841 3675 1042 3759 Quamquam
1064 3677 1158 3759 pedis
1182 3675 1271 3741 tertii
1295 3675 1377 3742 arsis
1401 3676 1530 3740 omnino

251 3800 317 3848 non
340 3781 445 3864 adest,
468 3787 579 3848 tamen
601 3799 716 3847 uersus
738 3784 950 3864 hypermeter
971 3783 1136 3849 inuenitm
1159 3783 1222 3862 (161

701 3880 828 3946 sobrius
853 3885 887 3946 et
909 3899 1082 3962 puerorum

701 3979 789 4044 utilis
812 3978 987 4060 ingeniisb

253 4075 378 4141 Theses
401 4093 576 4157 numquam
601 4077 780 4159 soluuntm,
804 4095 879 4141 nam
902 4077 936 4141 in
959 4095 988 4140 u.
1014 4081 1054 4141 13

701 4173 827 4240 credita
849 4174 1008 4255 puerities

360 4373 379 4442 ¹)
397 4373 472 4430 coni.
490 4374 594 4429 Julian.
619 4390 708 4445 symp.
727 4373 812 4429 3181)
832 4390 892 4444 sqq.
917 4390 944 4444 p.
963 4373 1136 4441 41911111
1162 4374 1260 4446 Synes.
1279 4373 1375 4445 hymn.
1393 4372 1419 4429 3.
1437 4371 1463 4428 4.
1483 4370 1529 4439 10;

253 4453 380 4508 Clemens
398 4454 477 4511 Alex.
502 4455 624 4525 hymnus
649 4455 677 4509 in
702 4454 781 4510 exitu
799 4454 963 4525 Paedagogi
982 4455 1039 4526 lp.
1058 4454 1109 4509 291
1129 4471 1190 4527 sqq.
1209 4454 1251 4509 ad.
1272 4452 1392 4509 stomin.
1411 4482 1446 4493 -
1463 4452 1530 4507 Luc.

252 4533 375 4598 Mueller,
395 4533 430 4588 de
448 4551 477 4590 re
495 4536 589 4590 matr.l
607 4551 633 4605 p.
655 4532 706 4590 104
715 4550 756 4605 sq.

360 4615 378 4680 2)
398 4629 425 4684 p.
444 4614 506 4679 tob
525 4616 558 4671 K.
576 4639 612 4659 =
630 4615 686 4670 Ine.
705 4631 730 4668 u.
751 4614 794 4671 53.

360 4695 380 4763 ³)
400 4693 475 4748 conf.
495 4693 547 4749 Th.
565 4694 720 4751 Raahsium
738 4696 756 4752 l.
776 4711 798 4751 s.
818 4712 845 4766 p.
864 4695 907 4753 29.
