3567 5217
727 1231 779 1277 The
792 1232 906 1276 beauties
926 1232 952 1275 oi
969 1231 1011 1275 the
1032 1233 1111 1287 poeta,
1126 1232 1226 1276 instead
1243 1232 1269 1276 oi
1287 1231 1403 1288 kindling
1423 1245 1438 1274 a
1452 1232 1500 1275 tire

645 1294 697 1339 like
711 1294 776 1338 their
790 1306 853 1349 own,
868 1292 982 1350 inspired
995 1293 1056 1349 only
1066 1293 1124 1338 cold
1133 1294 1184 1337 and
1193 1292 1285 1338 servile
1294 1294 1448 1338 imitatione:
1463 1305 1499 1347 or,

644 1357 665 1401 ii
679 1369 730 1413 any
742 1357 864 1401 ventured
877 1358 904 1400 to
918 1356 1019 1400 deviato
1033 1357 1096 1400 irom
1109 1356 1182 1400 those
1194 1354 1298 1411 modeis,
1313 1356 1373 1412 they
1382 1355 1500 1400 deviated

644 1421 673 1462 at
686 1419 729 1463 the
744 1430 813 1463 samo
826 1418 887 1463 time
902 1419 966 1463 irom
979 1418 1045 1474 good
1059 1429 1132 1462 senso
1145 1418 1196 1462 and
1205 1418 1341 1474 propriety.
1365 1418 1416 1461 The
1426 1429 1499 1463 name

528 1493 529 1500 ¹
635 1483 671 1526 oi
683 1481 746 1525 Poet
759 1493 813 1526 was
828 1481 921 1525 almost
934 1481 1068 1537 iorgotten.
1342 1481 1444 1527 Gitbon.

320 1693 423 1787 Initio
455 1718 577 1783 saeculi
606 1737 637 1799 p.
661 1717 734 1783 Chr.
756 1736 788 1782 n.
819 1716 954 1782 alterius
984 1717 1034 1781 uis
1065 1716 1195 1797 poetica
1224 1717 1335 1797 populi
1361 1716 1498 1782 Romani

218 1816 350 1882 uidetur
373 1834 447 1882 esse
469 1814 591 1897 fracta3
614 1816 737 1880 nullum
762 1815 848 1880 enim
871 1813 942 1880 iere
959 1833 1039 1894 opus
1063 1805 1148 1895 quod
1171 1818 1350 1879 memoratu
1366 1814 1499 1896 dignum

217 1915 264 1980 sit
294 1932 336 1978 ex
365 1913 426 1978 hoc
457 1913 585 1978 saeculo
616 1918 781 1978 seruatum
811 1916 870 1977 est.
918 1912 1040 1976 Tamen
1070 1929 1165 1976 nomo
1197 1911 1346 1977 dubitare
1376 1918 1496 1993 potest,

219 2012 296 2091 quin
332 2011 380 2076 eis
414 2011 615 2092 temporibus
644 2010 765 2090 quibus
799 2010 1013 2090 imperatores
1049 2012 1084 2073 et
1117 2008 1276 2089 imprimis
1309 2009 1496 2075 Hadrianus

219 2108 386 2174 Musarum
407 2108 567 2174 ministris
590 2112 761 2188 tantopere
784 2106 952 2188 fauebant,
977 2106 1070 2172 multi
1094 2106 1135 2172 ad
1157 2106 1371 2172 factitandum
1394 2114 1498 2172 artem

216 2207 379 2296 poeticam
395 2206 543 2272 adierint.
581 2206 697 2285 Itaque
715 2205 836 2285 optime
851 2205 987 2270 meritus
1003 2209 1055 2270 est
1071 2204 1258 2272 Gerhardus
1275 2204 1496 2287 Schultzius,¹)

218 2323 293 2368 cum
316 2302 553 2369 demonstrauit
575 2302 670 2368 huius
686 2304 805 2369 aetatis
821 2321 895 2368 esse
914 2305 1031 2384 poetas
1047 2303 1218 2368 nonnullos
1235 2321 1367 2382 quorum
1382 2321 1497 2368 uersus

221 2419 321 2482 saepe
342 2400 519 2482 scriptores
535 2400 661 2466 metrici
677 2399 839 2483 adierunt,
862 2401 1039 2481 praecipue
1053 2400 1240 2465 Annianum
1256 2405 1290 2466 ot
1305 2399 1497 2481 Septimium

218 2499 386 2565 Serenum.
432 2498 511 2578 Cum
541 2516 619 2563 uero
652 2503 780 2564 constet
808 2499 924 2563 horum
953 2503 1124 2578 poetarum
1143 2497 1380 2563 'auctoritatem
1411 2498 1497 2578 apud

218 2600 335 2678 poetas
358 2596 465 2675 quarti
494 2616 525 2676 p.
549 2594 622 2660 Chr.
645 2615 676 2661 u.
707 2596 829 2661 saeculi
857 2613 924 2660 non
946 2594 1049 2660 fuisse
1079 2595 1210 2676 nullam,
1241 2600 1353 2659 tamen
1376 2599 1497 2676 quanta

216 2693 317 2759 fuerit
338 2712 404 2758 nou
428 2693 591 2774 constetit
616 2712 733 2774 operae
757 2693 899 2775 pretium
922 2710 995 2757 esse
1017 2697 1097 2773 puto
1122 2692 1162 2758 de
1185 2693 1246 2756 hac
1268 2711 1305 2757 re
1328 2711 1495 2774 quaerere,

215 2810 283 2857 uon
299 2792 402 2857 solum
416 2796 454 2857 ut
468 2797 636 2872 poetarum
651 2791 866 2872 posteriorum
883 2795 1032 2857 auctores
1049 2808 1292 2872 cognoscamus,
1316 2791 1374 2855 sed
1395 2790 1494 2856 etiam

218 2894 255 2954 ut
275 2893 391 2970 poetas
415 2889 536 2954 saeculi
559 2889 695 2955 alterius
717 2890 806 2970 ipsos
830 2888 946 2954 melius
970 2887 1207 2970 intellegamus.
1357 2892 1362 2900 '

325 2975 389 3052 Sed
413 2991 585 3066 antequam
617 2986 659 3052 ad
681 3005 750 3051 rem
773 2988 878 3066 ipsam
911 2986 1104 3066 accedimus,
1127 2987 1283 3052 nonnulla
1307 2986 1496 3052 disserenda

217 3088 294 3149 sunt
325 3085 365 3149 de
396 3083 444 3148 eis
474 3102 557 3163 quae
589 3084 773 3150 Schultzius
804 3085 974 3165 exposuit3
1007 3102 1113 3164 neque
1145 3085 1231 3149 enim
1262 3085 1369 3149 omnia
1398 3085 1495 3165 plane

217 3183 328 3263 probo.
374 3182 489 3261 Itaque
512 3182 652 3263 primum
674 3181 842 3247 uideamus

350 3485 373 3576 g
397 3484 426 3555 1.
483 3480 588 3573 Quid
614 3502 768 3562 nomen
794 3482 1109 3563 neoterioorum
1137 3480 1360 3581 significet.

325 3650 541 3732 Schultziusssi
574 3651 701 3717 censuit
730 3650 806 3716 inde
838 3654 877 3717 ab
907 3670 990 3717 anno
1021 3651 1091 3716 iere
1123 3650 1493 3731 coccinumque

218 3748 260 3814 ad
291 3766 409 3812 annum
442 3754 505 3814 150
536 3748 639 3815 fuisse
669 3752 793 3814 sectam
825 3749 986 3829 quandam
1015 3753 1193 3829 poetarum,
1226 3767 1358 3827 quorum
1386 3750 1494 3829 capit-a

216 3846 358 3911 fuissent
387 3845 558 3913 Annianus
589 3853 624 3912 et
655 3845 795 3912 Serenus
826 3851 860 3912 et
889 3847 943 3926 qui
974 3866 994 3911 a
1024 3845 1130 3911 studio
1164 3845 1343 3910 »nouandi«
1376 3852 1492 3927 poetae

220 3942 415 4008 »neoterici«
433 3944 487 4008 uel
511 3944 671 4010 ›nouelii‹
690 3944 769 4009 dicti
791 3950 911 4009 esseut.
957 3944 1177 4026 Congeramus
1192 3943 1292 4024 igitur
1316 3961 1371 4008 eos
1395 3944 1491 4023 locos,

217 4041 273 4105 ubi
297 4040 552 4106 >neoterium
578 4047 612 4108 et
637 4042 795 4107 »nouerit«
822 4047 1121 4107 commemorantur.

324 4140 352 4218 a)
378 4137 482 4205 Geli.
507 4143 560 4219 13,
577 4144 666 4221 27,3
700 4139 765 4206 Sed
795 4139 843 4204 illi
872 4138 1079 4219 Homeric04)
1110 4159 1174 4205 non
1206 4157 1284 4203 saue
1314 4157 1350 4203 re
1380 4157 1493 4218 parem

216 4280 429 4290 .——---.

324 4348 343 4415 ¹)
361 4348 391 4401 in
408 4347 527 4402 Hermae
546 4347 601 4402 uol.
619 4347 654 4400 22
673 4347 740 4401 anni
761 4347 829 4403 1887
847 4364 874 4418 p.
887 4348 942 4403 274
953 4365 1014 4420 sqq.

323 4428 343 4496 qi
361 4426 396 4484 oi.
421 4428 558 4484 Marxium
582 4427 658 4497 apud
675 4426 862 4497 Pauly-Wiss.
887 4429 943 4483 uol.
957 4429 984 4483 II
1002 4446 1028 4499 p.
1042 4429 1120 4495 2580,
1131 4429 1149 4482 2
1162 4446 1223 4501 sqq.
1247 4447 1268 4486 s.
1288 4447 1315 4485 u.
1335 4428 1491 4494 Ausonius·¹

216 4505 338 4573 Sohanz,
358 4506 458 4563 Gosoh.
479 4508 504 4562 d.
523 4508 592 4564 rdm.
610 4505 678 4562 Litt.
697 4507 753 4561 uol.
773 4506 837 4561 IVl
858 4525 885 4578 p.
898 4509 942 4563 40.

323 4588 343 4655 ³)
362 4587 379 4642 l.
393 4604 415 4642 e.
428 4604 454 4658 p.
467 4586 521 4642 280
532 4602 588 4658 sq.;
609 4586 645 4642 oi.
660 4586 782 4642 Leonem
800 4587 828 4642 in
842 4588 961 4642 Hermae
980 4587 1035 4642 uol.
1048 4588 1084 4641 24
1102 4588 1169 4642 anni
1189 4589 1258 4643 1889
1277 4606 1304 4661 p.
1316 4587 1371 4644 294
1389 4588 1453 4643 adn.
1466 4588 1492 4643 2.

321 4667 342 4738 ⁴)
361 4667 391 4722 11.
410 4669 441 4719 Λ
452 4667 512 4723 728.
