3567 5217
836 376 1037 433 -6-

297 566 404 629 neque
421 548 559 615 similem
578 548 658 614 fecit
674 547 874 631 (Vergiliuslt
899 567 973 615 esse
997 548 1083 615 enim
1098 548 1229 615 uidetur
1243 549 1376 616 Homeri
1401 549 1580 632 simplicior

299 652 334 712 et
362 645 530 727 sincerior,
553 646 690 729 Vergilii
720 653 828 713 autem
858 645 1224 729 νεωτερικώτερος
1255 651 1290 714 et
1320 648 1458 728 quodam
1483 647 1577 728 quasi

299 744 478 810 ferrumine
501 744 636 810 inmisso
659 744 814 810 fucatior:

408 839 533 922 Ταῦρον
556 839 732 923 δ’Ἂλφειῴ,
754 848 872 923 ταῦρον
896 840 931 905 δὲ
953 839 1164 905 Ποσειδάωνι.

410 940 551 1004 Taurum
572 939 737 1022 Neptuno,
759 944 889 1005 taurum
910 939 982 1022 tibi,
1005 939 1141 1021 pulcher
1162 940 1315 1021 Apollo¹t

406 1038 436 1116 b)
461 1035 572 1102 Seru.
589 1036 630 1102 ad
641 1036 723 1103 Aen.
741 1042 792 1120 12,
804 1041 867 1103 605
880 1036 1054 1104 FLAVOS
1067 1036 1255 1104 LAVINIA
1267 1036 1423 1104 caldus
1440 1038 1576 1119 antiqua

300 1134 398 1200 lectio
422 1132 540 1199 ‘horos’
576 1133 701 1217 habuit,
734 1134 768 1200 id
803 1138 855 1201 est
880 1136 1080 1218 florulentos,
1114 1135 1282 1217 pulchros:
1317 1142 1352 1202 et
1385 1141 1438 1202 est
1471 1154 1579 1203 sermo

299 1231 478 1298 Ennianus.
524 1231 688 1298 Probus
709 1232 756 1298 sic
771 1232 954 1298 adnotauit:
977 1234 1247 1299 neotericum
1263 1234 1484 1317 erat‘flauos’,
1499 1252 1579 1315 ergo

302 1332 386 1395 bene
405 1329 543 1394 ‘floros':
568 1380 574 1393 .
600 1380 607 1394 .
630 1380 637 1394 .
660 1327 780 1396 Accius
802 1329 836 1394 in
859 1329 999 1395 Bacchis
1019 1330 1106 1395 ‘nam
1129 1332 1201 1397 flori
1224 1331 1339 1413 crines,
1365 1382 1372 1396 .
1397 1383 1404 1396 .
1428 1382 1435 1396 .
1619 1416 1621 1421 Ι

408 1427 435 1506 c)
460 1424 571 1491 Seru.
603 1427 645 1491 ad
666 1426 872 1509 Aen.6,187
899 1426 940 1492 SI
970 1426 1160 1494 aduerbium
1189 1429 1337 1511 rogantis
1369 1436 1404 1494 et
1433 1428 1580 1510 optantis

300 1529 351 1591 est
374 1542 435 1605 per
458 1542 494 1589 se
524 1524 665 1608 plenum,
697 1523 782 1590 sicut
805 1528 840 1591 et
858 1523 910 1606 ‘o’,
941 1543 1134 1606 quamquam
1160 1525 1377 1593 neoterici
1404 1527 1486 1593 haec
1508 1526 1580 1591 iun·

300 1626 382 1704 gant
404 1625 439 1688 et
459 1638 519 1702 pro
543 1638 606 1686 uno
630 1626 769 1703 ponant:
791 1622 927 1688 Persius
951 1621 995 1700 (H
1012 1623 1064 1701 10)

1166 1737 1238 1785 osr

592 1816 726 1883 ebulliat
748 1821 895 1900 patruus,
918 1817 1123 1899 praeclarum
1144 1817 1258 1884 funus!
1282 1822 1356 1884 eto
1381 1817 1418 1883 si.

410 1915 440 1995 d)
466 1913 577 1979 Seru.
610 1914 651 1980 ad
672 1915 755 1980 Aen.
773 1921 802 1998 6,
817 1920 880 1981 320
905 1914 1029 1981 VADA
1055 1913 1214 1981 LIVIDA
1243 1915 1345 1995 nigra.
1369 1921 1404 1981 et
1426 1913 1571 1980 ‘liuidum

300 2012 446 2083 innidum
476 2031 542 2077 non
572 2011 637 2077 nisi
668 2012 754 2093 apud
783 2012 1035 2079 neotericos
1064 2012 1261 2079 inueuimus:
1284 2011 1436 2077 Lucanus
1460 2012 1579 2092 (1288)

471 2108 555 2173 liuor
578 2109 663 2174 edax
684 2110 746 2175 tibi
769 2115 887 2176 cuncta
909 2116 1019 2194 negat,
1044 2115 1224 2192 gentesque
1247 2111 1409 2176 subactas.

408 2207 437 2285 e)
462 2205 575 2272 Seru.
610 2206 652 2271 ad
685 2207 766 2271 Aen.
796 2211 847 2290 11,
866 2212 928 2272 715
964 2207 1085 2273 VANE
1118 2206 1252 2274 LIGVS
1288 2211 1344 2272 aut
1377 2206 1486 2289 fallax,
1522 2213 1578 2273 aut

300 2302 443 2370 inaniter
466 2304 608 2368 iactans:
636 2322 712 2367 nam
738 2303 863 2370 ‘uanos’
889 2304 1008 2370 stultos
1030 2304 1228 2386 posteriores
1258 2304 1368 2371 dicere
1392 2309 1578 2386 coeperunt.

300 2400 377 2467 inde
399 2406 541 2467 tractum
564 2405 617 2468 est
639 2400 738 2467 etiam
759 2402 794 2467 in
816 2402 1074 2469 neotericis:
1097 2402 1261 2468 quenalis
1285 2402 1437 2483 1Π1159)

539 2498 586 2565 sio
608 2498 735 2565 libitum
758 2519 853 2582 uano,
878 2498 932 2579 qni
954 2518 1014 2565 uos
1037 2499 1196 2580 distinxit,
1220 2498 1348 2565 Othoni.

301 2641 303 2644 -
406 2596 430 2677 f)
455 2596 567 2662 Seru.
592 2596 633 2662 ad
655 2597 738 2664 Aen.
754 2603 785 2681 8,
800 2603 862 2663 731
879 2595 1140 2662 ATTOLLENS
1157 2596 1311 2663 VMERO
1327 2594 1578 2678 FAMAMQVE

301 2696 359 2761 ΕΤ
384 2693 503 2761 ΕἈΤΑ
525 2693 738 2760 NEPOTVM
755 2746 761 2759 .
778 2746 785 2760 .
802 2746 808 2760 .
823 2695 910 2759 hunc
933 2712 1062 2759 uersum
1085 2697 1202 2759 notant
1224 2692 1328 2758 critici
1352 2694 1445 2773 quasi
1467 2711 1579 2774 super·

300 2795 364 2859 fluo
389 2797 424 2858 et
445 2792 611 2858 humiliter
631 2791 776 2857 additum
798 2811 860 2857 neo
884 2791 1130 2857 conuenientem
1152 2790 1310 2873 grauitati
1332 2791 1417 2857 eius:
1440 2809 1581 2871 namque

303 2896 356 2957 est
381 2885 478 2975 [eius]
503 2889 607 2971 magis
630 2889 889 2955 neotericus.

409 2989 441 3070 g)
466 2986 580 3053 Seru.
603 2985 645 3051 ad
668 2984 1401 3070 Aen.1o,1eaonnmnnnnsnnnonnn
1422 3004 1481 3067 pro
1505 2987 1580 3052 albo

303 3086 410 3152 colore
432 3085 661 3151 neoterica
686 3084 807 3150 dictum
829 3088 955 3165 putant.

408 3184 440 3263 11)
466 3183 579 3248 Seru.
610 3182 652 3247 ad
681 3182 763 3248 Aen.
786 3186 838 3265 11,
852 3186 916 3248 590
948 3185 982 3247 et
1012 3181 1280 3247 neotericam
1309 3186 1443 3263 putatur
1473 3180 1578 3261 ipsum

299 3281 469 3363 ‘sagittam
491 3279 659 3345 ultricem’.

409 3379 431 3458 i)
454 3377 637 3459 Pompei.
660 3396 795 3460 gramm.
820 3376 928 3444 Gram.
951 3377 1025 3442 Lat.
1048 3376 1157 3444 nolV
1179 3397 1210 3459 p.
1227 3383 1302 3460 232,
1316 3382 1356 3442 35
1380 3376 1430 3459 Κ,
1460 3377 1515 3442 ubi
1538 3376 1581 3442 de

304 3476 432 3558 syllaba
454 3493 473 3540 o
496 3475 530 3540 in
547 3475 650 3556 prima
672 3493 814 3556 persona
835 3475 926 3541 uerbi
951 3474 1159 3556 comipienda
1180 3474 1338 3555 loquitur:
1360 3473 1581 3539 neoterici

227 3618 228 3621 ,
305 3577 414 3639 autem
430 3591 553 3655 omnes,
578 3571 701 3639 Statius
717 3579 752 3639 et
774 3573 841 3654 alii,
864 3573 1004 3638 maiores
1020 3578 1097 3638 sunt
1118 3574 1152 3638 iu
1175 3573 1232 3636 illa
1246 3576 1340 3653 parte
1363 3590 1446 3651 quae
1468 3571 1580 3637 breuis

305 3677 366 3755 est,
392 3689 486 3751 quam
509 3670 544 3735 in
568 3671 624 3736 illa
648 3689 729 3750 quae
751 3670 851 3754 longa
875 3675 937 3752 est,
961 3675 1075 3736 contra
1097 3668 1286 3750 Vergilium.

411 3769 444 3849 11)
468 3768 594 3834 Diom.
617 3788 648 3848 p.
666 3772 740 3850 514,
754 3773 794 3833 23
812 3767 852 3832 Κ.
876 3773 1019 3834 ceterum
1043 3767 1117 3831 huic
1140 3770 1244 3832 metro
1269 3765 1472 3849 (galliambo),
1495 3765 1579 3847 quod

305 3872 495 3935 eneruatum
518 3865 668 3949 diximus,
699 3865 804 3931 simile
828 3870 880 3930 est
902 3865 982 3930 illud
1004 3864 1287 3948 neotericam,
1319 3864 1403 3944 quod
1426 3868 1478 3930 est
1500 3864 1580 3946 tale,

524 3963 639 4029 rutilos
661 3963 771 4028 recide
795 3962 901 4028 crines
925 3961 1134 4042 habitumque
1159 3980 1238 4042 cape
1260 3961 1357 4042 uiri.²)

410 4064 431 4144 1)
455 4062 582 4128 Diom.
605 4081 636 4144 p.
653 4066 727 4143 516,
741 4065 784 4126 24
807 4060 847 4126 K.
869 4060 1057 4141 reciprocus
1080 4077 1194 4125 uersus
1218 4058 1304 4140 apud
1330 4059 1581 4126 neotericos

304 4160 380 4226 talis
403 4165 464 4243 est,

493 4274 592 4324 versu
609 4256 699 4339 volo,
721 4257 833 4339 Liber,
856 4260 913 4321 tua
935 4254 1166 4337 praedicentur
1189 4260 1272 4338 acta,
1297 4306 1303 4319 .
1327 4306 1334 4320 .
1358 4253 1389 4335 .³)

303 4407 519 4424 ,........-..

413 4494 431 4560 1)
450 4493 519 4546 Α11.
532 4492 557 4559 3,
569 4492 628 4549 119.

412 4572 617 4640 dmm&

413 4654 433 4722 1)
451 4653 486 4708 de
504 4653 653 4724 reciprocis
671 4655 716 4725 egi
732 4654 807 4710 inira
824 4671 850 4725 p.
864 4653 900 4709 30
912 4672 972 4726 sqq.
