3567 5217
761 381 982 443 -43-

229 557 292 639 Qui
326 575 518 642 quamquam
552 555 657 636 primo
708 559 843 636 aspectu
885 554 984 620 alieni
1025 553 1179 620 uidentur
1224 571 1298 619 esse
1336 574 1355 619 a
1403 553 1510 618 torma

229 654 358 721 Graeca
372 653 525 735 trimetri,
547 659 659 718 tamen
675 652 783 718 subito
800 652 974 734 apparebit
989 670 1058 717 rem
1074 652 1170 716 aliter
1193 670 1229 718 se
1251 652 1384 734 habere,
1409 652 1437 717 si
1453 670 1512 718 eos
1570 677 1578 692 ·

228 753 316 818 locos
339 751 579 832 inspexerimus
602 751 658 816 ubi
673 751 756 815 haec
770 749 955 832 fragmenta
970 750 1092 815 tradita
1104 756 1187 816 sunt.
1232 749 1317 816 illud
1333 750 1510 815 enimcum

229 850 302 915 aliis
325 849 476 915 uersibus
499 848 648 914 iambicis
670 847 839 926 Rufinus²l
862 843 907 914 'ex
921 848 1030 915 Jubae
1051 848 1135 912 libro
1152 855 1266 929 quarto
1284 848 1441 929 excripsit
1456 847 1512 928 qui

229 947 380 1029 exempla
403 946 582 1012 iamborum
605 946 745 1011 maxime
767 944 978 1025 frequentata
1007 945 1055 1011 ita
1085 946 1284 1027 conlegerat,
1315 951 1352 1011 ut
1380 964 1511 1026 semper

228 1046 338 1111 uersui
362 1043 489 1110 Graeco
517 1062 631 1125 parem
653 1061 785 1108 uersum
807 1043 963 1109 Latinum
986 1043 1157 1110 subiceret.
1202 1043 1279 1109 Bini
1301 1061 1378 1110 uero
1394 1062 1510 1110 uersus

228 1149 401 1223 tantopere
417 1142 504 1207 inter
519 1160 555 1207 se
572 1146 765 1223 congruunt,
777 1153 814 1206 ut
826 1141 974 1222 syllabae
982 1142 1074 1207 breui
1085 1142 1120 1205 in
1136 1159 1233 1207 uersu
1246 1142 1371 1209 Graeco
1382 1160 1511 1224 semper

227 1239 427 1322 respondeat
464 1240 574 1306 breuis
610 1240 737 1320 syllaba
766 1238 801 1303 in
831 1257 931 1305 uersu
961 1239 1091 1322 Latino,
1124 1240 1204 1304 item
1238 1240 1356 1322 longae
1379 1240 1512 1321 longob

228 1338 348 1404 Versui
370 1337 472 1420 igitur
496 1337 623 1404 Graeco
767 1352 768 1356 ’

499 1443 621 1524 ἱμάτιον
645 1442 755 1524 ἐφόρει
776 1442 925 1524 μαλακὸν
947 1444 1043 1524 ἐρίων
1065 1443 1243 1507 Σικελικῶν

482 1590 641 1625 -ΚΛΙΌ
671 1589 787 1624 uk).-
815 1588 883 1624 &N
898 1590 930 1623 U
960 1589 1074 1624 UU-
1102 1590 1262 1625 UUU-

228 1703 294 1750 non
317 1689 427 1767 potest
449 1684 649 1765 respondere
673 1702 788 1750 uersus
812 1683 950 1749 Latinus
973 1684 1068 1749 huius
1091 1684 1215 1750 formae

482 1838 641 1873 ..υυυ
671 1838 786 1873 w..
814 1837 929 1872 υυ..
958 1837 1070 1872 ww
1101 1837 1276 1888 υυυ-,

230 1975 264 2035 et
295 1968 378 2034 satis
409 1968 543 2034 difficile
575 1975 627 2035 est
657 1967 756 2049 dictu,
788 1986 846 2032 cur
867 1968 1090 2033 Baehrensius
1121 1967 1381 2034 emendationem
1403 1969 1513 2034 lenem

228 2066 317 2132 Keili

451 2164 581 2229 caerula
603 2181 665 2229 nec
688 2163 784 2229 aliter
806 2162 930 2243 liquida
953 2181 1112 2244 superans
1135 2163 1292 2230 malaciae

229 2280 293 2327 non
324 2261 523 2344 probauerit,
555 2261 619 2326 nisi
649 2267 802 2342 putamus
833 2279 907 2326 eum
937 2261 1008 2327 fere
1031 2261 1169 2326 inuitum
1193 2267 1339 2327 coactum
1367 2281 1450 2344 esse,
1475 2269 1513 2328 ut

229 2360 332 2425 uerba
361 2357 484 2423 tradita
517 2363 744 2440 conseruerat,
776 2377 848 2423 cum
879 2360 910 2423 ei
941 2359 1128 2425 coniectura
1158 2363 1235 2441 apta
1266 2379 1285 2425 a
1315 2360 1422 2425 Keilio
1445 2361 1511 2425 iam

229 2460 406 2539 praerepta
437 2462 535 2522 esset.
581 2456 650 2521 Nec
678 2457 794 2521 melius
818 2457 974 2522 tractauit
999 2456 1039 2521 ir.
1055 2460 1098 2521 49
1123 2456 1207 2537 quod
1231 2457 1377 2523 adseruit
1399 2459 1510 2524 trime·

228 2555 289 2621 tris
320 2555 468 2620 iambicis
499 2554 601 2619 inuito
625 2553 822 2635 Apchonioq
855 2554 911 2636 qui
937 2554 1133 2620 haecdicit:
1168 2573 1261 2620 »nam
1294 2562 1349 2620 aut
1380 2556 1513 2622 creticis
1544 2627 1547 2632 ,

231 2660 288 2718 aut
321 2671 432 2718 eorum
463 2652 686 2734 solutionibus,
717 2652 751 2717 id
782 2658 835 2719 est
867 2653 1046 2733 paeonibus
1078 2659 1135 2718 aut
1165 2654 1269 2734 primo
1300 2658 1357 2718 aut
1386 2659 1510 2735 quarto,

229 2749 455 2816 indifferenter
477 2751 587 2816 mixtis
611 2769 742 2816 carmen
765 2750 947 2834 ediderunt,
971 2750 1029 2816 sed
1060 2755 1095 2816 et
1117 2750 1299 2817 bacchiacis
1323 2756 1358 2816 et
1381 2752 1513 2817 creticis

230 2848 510 2930 coniugationibus
533 2847 677 2928 adaeque
700 2848 751 2913 usi
774 2854 861 2931 sunt,
884 2854 921 2914 ut
944 2854 996 2914 est
1017 2849 1089 2930 boc,

571 2952 667 3011 acuta
688 2945 774 3012 falce
798 2946 826 3011 si
848 2945 987 3011 uirentis
1011 2947 1165 3013 esculos«

229 3044 454 3109 Baehrensius
478 3043 608 3125 quidem
625 3043 776 3109 adfirmat
791 3045 930 3109 Marium
946 3043 1148 3109 Victorinum
1168 3044 1228 3111 »de
1243 3050 1347 3110 metro
1365 3064 1513 3126 erasse«,

231 3140 290 3206 sed
313 3140 466 3222 quidnam
490 3159 563 3206 eum
586 3142 621 3206 in
644 3158 791 3207 errorem
813 3142 979 3208 induxerit
1006 3160 1071 3207 non
1095 3142 1184 3224 dicit,
1211 3162 1273 3209 nec
1296 3143 1453 3225 quomodo
1476 3142 1510 3206 in

230 3238 413 3304 trimetrum
439 3238 613 3304 iambicum
641 3240 768 3321 syllaba
795 3240 894 3322 longa
921 3242 1037 3306 »acuta
1059 3240 1163 3306 falce«
1189 3240 1339 3322 inrepere
1366 3241 1513 3323 potuerit

231 3336 372 3417 exponit.
419 3335 536 3402 Omnia
557 3353 635 3401 uero
660 3336 782 3418 optime
806 3355 842 3402 se
864 3337 997 3420 habent,
1022 3339 1050 3403 si
1074 3357 1147 3404 cum
1169 3337 1335 3419 Apthonio
1359 3345 1513 3420 putamus

230 3452 361 3499 uersum
385 3441 536 3500 constare
560 3452 601 3500 ex
624 3433 750 3499 duabus
772 3435 922 3515 partibus
945 3436 1078 3517 paribus

581 3590 1162 3664 υ--Ι-υ-Ηυ--Ι-υ-

232 3755 366 3816 quarum
399 3741 537 3819 unaque
567 3738 738 3803 bacchium
772 3744 807 3803 et
840 3738 997 3804 creticum
1032 3740 1173 3806 exhibet.
1225 3741 1299 3806 Hoc
1332 3759 1398 3806 non
1432 3759 1511 3805 casu

230 3834 355 3900 iactum
378 3853 452 3901 esse
476 3853 548 3901 mea
571 3836 735 3902 sententia
758 3835 969 3902 manifestum
992 3842 1052 3903 est.
1097 3837 1143 3903 Et
1165 3857 1222 3904 cnr
1236 3845 1355 3921 poetae
1371 3837 1512 3919 cuidam,

338 4027 356 4093 ¹)
375 4044 402 4098 p.
415 4028 477 4094 tol,
489 4026 521 4082 11
530 4044 590 4098 sqq.
603 4028 638 4082 K.

338 4107 357 4176 ²)
376 4124 442 4162 nam
460 4123 558 4162 uersus
577 4107 775 4172 562,5=1nc.
789 4108 861 4163 1138

575 4187 677 4242 misera
695 4188 802 4243 marino
822 4205 896 4260 quaa
914 4188 1014 4243 timida
1031 4188 1060 4243 in
1079 4189 1163 4245 litore

231 4270 309 4322 certe
329 4266 516 4337 configendus
535 4270 580 4322 est
590 4283 597 4332 ;
617 4270 647 4322 et
665 4267 690 4321 si
708 4284 743 4322 ea
761 4269 974 4339 probauerimus
993 4286 1067 4341 quae
1085 4285 1171 4340 supra
1189 4270 1302 4341 exposui
1321 4270 1381 4325 eius
1400 4271 1510 4326 coniec-

231 4349 323 4401 turam
341 4348 464 4403 maxime
482 4346 663 4418 probabimus
683 4348 730 4418 qui
748 4348 809 4418 pari
827 4365 911 4403 uersu
931 4350 1040 4404 Graeco

573 4424 678 4483 Δαναὸς
695 4425 710 4479 ὁ
727 4424 890 4495 πεντήκοντα
909 4429 1063 4501 θυγατέρων
1079 4426 1169 4501 πατήρ

231 4505 310 4560 nisus
328 4506 389 4561 erit.
408 4507 469 4562 Hoc
488 4523 556 4563 uero
574 4507 651 4563 solus
668 4507 739 4563 iecit
763 4511 813 4563 ten
832 4508 920 4565 Brinlr
948 4511 1042 4580 (lubae
1061 4510 1195 4581 reliquiae
1213 4526 1240 4581 p.
1253 4508 1299 4581 20)
1328 4510 1375 4582 qui
1399 4510 1513 4581 scripsit

233 4601 322 4656 >qnae
339 4585 479 4641 tumidula
495 4586 601 4645 litora«

338 4666 357 4735 ³)
376 4666 452 4738 apud
470 4666 539 4723 1111.
552 4667 623 4723 Vict.
642 4686 668 4739 p.
682 4668 797 4732 eulx.
