3567 5217
787 348 1009 413 ..19„.

256 534 298 594 62
322 563 366 571 -
390 527 506 594 Sereni
539 545 614 594 esse
647 532 794 609 possunt,
829 532 941 593 tamen
976 526 1145 608 scrupulus
1179 526 1259 591 mihi
1289 526 1430 608 inicitur,
1461 545 1531 592 cum

256 624 540 691 animaduerterim
566 624 631 690 illis
658 626 807 690 uersibus
831 624 872 690 de
895 624 1015 690 fabulis
1039 624 1171 690 deorum
1194 624 1259 706 agi,
1283 624 1367 703 quod
1391 624 1533 690 Serenus

254 727 410 805 quantum
432 721 527 788 uideo
550 741 709 802 nusquam
731 721 819 788 iecit.

365 825 414 885 10.
437 826 668 886 tetrameter
687 820 996 901 anapaesticus
1017 819 1307 885 catalecticus
1327 818 1534 885 siuehristo·

255 918 395 1000 phauius
429 918 465 982 in
500 916 614 984 Sereni
644 918 683 983 ir.
709 923 751 982 20
780 922 814 983 et
840 918 875 982 in
902 916 969 983 Ine.
989 936 1041 982 uu.
1063 916 1276 996 5115116111
1327 918 1398 983 Hoc
1428 922 1532 983 metro

256 1016 438 1082 adhibendo
469 1016 625 1081 neoterici
656 1015 808 1081 uidentur
838 1015 942 1081 secuti
971 1033 1043 1080 esse
1066 1014 1246 1081 Varronem
1274 1013 1328 1094 qui
1355 1015 1390 1079 in
1412 1015 1533 1080 saturis

255 1113 437 1195 Menippeis
462 1132 560 1194 saepe
584 1132 622 1179 eo
645 1132 723 1179 usus
747 1112 851 1192 erati)
896 1113 980 1178 Post
998 1114 1084 1178 hunc
1099 1119 1230 1194 poetam
1244 1112 1280 1177 id
1295 1117 1433 1178 metrum
1449 1112 1533 1193 quod

257 1211 342 1292 apud
356 1216 473 1293 poetas
489 1211 656 1277 scaenicos
673 1211 919 1277 celeberrimum
939 1216 1020 1292 erat,
1044 1210 1130 1291 apud
1148 1211 1269 1292 lyricos
1289 1210 1323 1275 in
1339 1210 1533 1276 obliuionem

256 1308 385 1375 uidetur
406 1309 561 1376 incidisse
577 1316 612 1375 et
627 1329 648 1374 a
661 1308 835 1375 neotericis
856 1308 985 1379 demum
1004 1307 1139 1374 latebris
1155 1313 1303 1390 ereptum
1319 1325 1401 1374 esse.
1445 1308 1533 1374 Satis

254 1406 371 1472 mirum
394 1412 445 1473 est
467 1406 554 1473 idem
576 1413 716 1473 metrum
746 1406 861 1472 eadem
891 1405 962 1472 iere
990 1411 1099 1472 aetate
1126 1405 1161 1470 in
1182 1406 1264 1471 Asia
1287 1424 1413 1487 quoque
1434 1406 1533 1488 longe

253 1505 296 1570 ab
309 1506 390 1570 urbe
401 1505 506 1571 Roma
516 1504 693 1587 reuixisse3
714 1503 866 1570 sacerdos
879 1503 966 1569 enim
977 1501 1138 1584 Apollinis
1151 1503 1249 1568 Clarii
1261 1504 1365 1570 altero
1377 1503 1532 1585 pOhrn.

254 1601 385 1669 saeculo
408 1603 514 1669 medio
531 1602 736 1669 Trocettenis
759 1603 922 1667 oraculum
946 1600 1037 1667 dedit
1059 1601 1145 1682 quod
1168 1601 1308 1683 quinque
1323 1606 1533 1667 tetrametros

253 1699 482 1782 anapaesticus
510 1699 686 1780 continetil
732 1700 806 1765 Huc
838 1698 975 1781 accedit,
1006 1698 1089 1781 quod
1118 1703 1311 1764 tetrameter
1336 1698 1532 1779 trochaicus

252 1798 296 1864 de
320 1816 381 1877 quo
405 1796 519 1863 eadem
542 1797 668 1880 suprad
693 1797 831 1864 dicenda
854 1801 948 1862 erant
971 1814 1053 1878 quae
1075 1796 1129 1861 hic
1153 1795 1193 1862 de
1208 1796 1440 1877 Aristophauio
1460 1815 1533 1878 pro·

252 1896 397 1978 tulimus,
420 1895 586 1961 inuenitur
606 1895 641 1960 in
658 1894 771 1962 eodem
787 1894 945 1972 oraculo⁶l
970 1899 1005 1960 et
1022 1898 1197 1975 praeterea
1215 1893 1250 1958 in
1269 1892 1374 1959 tribus
1395 1893 1532 1958 oraculis

252 1995 295 2059 ab
318 1991 471 2075 Apolline
503 1992 608 2059 Olario
640 1992 767 2058 eadem.
784 1992 855 2058 iere
886 1997 995 2058 aetate
1027 1990 1145 2072 datis.⁰l
1192 1990 1285 2073 Quod
1308 1990 1395 2055 idem
1417 2009 1532 2056 uersus

254 2092 352 2157 etiam
377 2091 410 2155 in
433 2091 529 2157 mimo
552 2090 801 2172 Oxyrhynchita
822 2088 974 2171 Χαρίτων
998 2087 1129 2173 extat‚⁷)
1159 2090 1222 2155 huc
1246 2106 1319 2153 eum
1341 2089 1532 2169 peruenisse

253 2193 333 2271 puto
358 2204 399 2253 ex
422 2188 597 2270 comoedia,
620 2207 686 2253 non
709 2207 751 2254 ex
772 2187 865 2270 poesi
887 2187 998 2269 lyrica.

363 2290 441 2351 lda.
465 2285 648 2352 dimeter
682 2286 932 2367 dactylicus
965 2284 1258 2351 catalecticus
1293 2284 1363 2350 siue
1397 2284 1532 2350 adonius

253 2384 297 2449 de
321 2402 382 2464 quo
407 2384 454 2450 sio
477 2383 720 2465 Terentianus⁸)

468 2482 675 2548 continuasse
697 2483 800 2564 pedes
823 2482 906 2548 istos
929 2482 962 2546 in
987 2481 1129 2547 carmine
1153 2481 1238 2547 solos

467 2578 586 2645 dicitur
607 2581 689 2646 haec
713 2580 828 2646 eadem
847 2580 1017 2662 praeclara
1036 2579 1162 2660 poetria
1178 2578 1318 2660 Sappho.

254 2677 366 2742 Planis
399 2677 501 2759 igitur
533 2678 644 2743 uerbis
678 2676 757 2743 dicit
793 2678 841 2742 uir
873 2677 986 2743 doctus
1020 2677 1085 2741 iarn
1120 2676 1250 2757 Sappho
1283 2694 1382 2742 uersu
1415 2675 1531 2742 adonio

251 2774 334 2837 κατὰ
358 2775 462 2855 στίχον
492 2794 585 2842 usam
616 2793 699 2857 esse,
730 2775 841 2855 itaque
874 2773 1064 2855 Christius⁹)
1099 2774 1156 2838 uix
1188 2774 1259 2840 iure
1289 2779 1422 2854 putasse
1452 2773 1532 2838 mihi

255 2872 383 2939 uidetur
404 2874 604 2954 posteriores
627 2872 756 2938 demum
782 2878 899 2954 poetas
922 2872 1059 2939 Latinos
1086 2872 1188 2938 ueluti
1212 2871 1442 2937 Terentianum
1469 2871 1532 2937 hoc

254 2969 382 3037 iecisse.
426 2970 529 3037 Immo
560 2990 677 3038 censeo
708 2991 750 3038 ex
779 2972 850 3053 ipso
875 2970 1025 3054 Sapphus
1056 2970 1197 3036 carmine
1229 2969 1270 3036 de
1301 2988 1362 3049 quo
1390 2968 1532 3050 loquitur

253 3068 480 3152 Terentianus,
504 3088 634 3135 uersum
662 3076 826 3136 seruatum
854 3087 938 3135 esse.
983 3070 1066 3134 Nam
1098 3068 1247 3149 exempla
1276 3085 1391 3133 uersus
1422 3067 1532 3133 adonii

252 3165 444 3232 adferuntur
466 3187 486 3232 a
508 3167 611 3232 Mario
634 3168 741 3233 Plotio
766 3166 986 3247 Sacerdotem)

758 3262 787 3327 ὦ
809 3263 865 3327 τὸν
881 3264 1027 3328 ’Ἄδωνιν

162 3345 165 3353 “
251 3356 289 3418 et
311 3372 330 3418 a
352 3352 456 3420 Mario
479 3352 690 3432 Victorino¹²l

361 3528 380 3597 ¹)
400 3526 540 3583 Christius
559 3526 654 3598 quiin
677 3529 729 3582 art.
742 3528 835 3582 metr.²
847 3544 874 3598 p.
887 3527 941 3582 265
960 3526 1028 3581 dicit
1050 3543 1081 3581 se
1099 3528 1295 3581 tetrametrum
1318 3524 1530 3596 anapaesticum

254 3621 290 3660 cx
309 3607 383 3677 puris
402 3607 566 3679 anapaestis
592 3609 771 3663 constantem
794 3624 852 3663 nou
875 3607 1001 3674 nouisse,
1029 3605 1148 3677 exempli
1173 3620 1261 3660 causa
1283 3604 1393 3660 adferre
1417 3607 1530 3676 poterat

252 3686 311 3741 lm
324 3687 541 3834 11112’15151Ῐ5161ζῗ121ζ
552 3766 596 3837 la,
606 3767 667 3835 242,
677 3766 738 3834 aaa,
748 3767 810 3832 aar,
819 3766 943 3833 411461
957 3767 1063 3822 nucea.

358 3846 379 3994 :3
399 3847 531 3981 8111τὲ101,
551 3848 660 3914 Kleros,
680 3864 707 3919 p.
722 3848 782 3903 lic
801 3862 846 3902 uu.
862 3847 944 3912 1-53
965 3847 1036 3901 conl.
1049 3862 1076 3916 p.
1089 3846 1133 3901 78.

359 4007 378 4074 ⁵)
397 3942 523 4063 11111101011
542 4007 560 4062 1.
573 4025 595 4065 s
609 4026 635 4080 p.
650 4007 711 4062 110
729 4008 867 4064 11116-8.

359 4087 379 4156 ⁶)
398 4088 522 4142 Bureseh
541 4088 558 4143 l.
572 4104 594 4143 s
608 4105 635 4159 p.
647 4088 696 4155 60;
716 4088 790 4144 coni.
803 4105 830 4159 p.
843 4088 879 4143 76
898 4104 939 4159 sq.

359 4168 379 4237 ⁷)
398 4166 500 4223 Herod.
519 4168 561 4223 ed.
580 4168 694 4223 Orosius
718 4186 744 4240 p.
764 4168 815 4224 107
842 4185 888 4223 uu.
907 4165 1121 4231 97-104.1oa;
1148 4164 1222 4222 conl.
1242 4164 1333 4220 Guido
1353 4164 1469 4230 winter,
1494 4164 1529 4219 de

253 4246 344 4301 mimis
362 4247 577 4318 Oxyrhynchiis
597 4248 661 4304 diss.
674 4248 749 4319 Lips.
764 4247 833 4303 1908
851 4265 877 4319 p.
890 4247 934 4303 38.

358 4328 378 4477 1
397 4327 557 4466 111111
569 4425 595 4480 1..
609 4407 668 4464 a.

292 4488 639 4701 ῃὸιέιὲὅὲὲξὲξε
661 4565 831 4635 1110.11.10;
857 4568 932 4640 prior
957 4583 1053 4622 uersus
1081 4566 1167 4622 etlam
1191 4566 1267 4636 apud
1292 4564 1529 4621 111180111111111.

251 4663 279 4718 1)·
347 4688 353 4713 a
417 4688 423 4702 ·

1335 4734 1368 4787 2*
