3567 5217
787 358 1008 420 „34-

257 531 378 599 buisse.
417 531 616 615 Quamquam
645 530 833 598 discernere
864 550 928 597 non
958 532 1071 615 audeo,
1095 537 1203 599 utrum
1233 533 1391 599 neoterici
1420 535 1534 601 horum

258 636 429 712 poetarum
461 629 605 710 ipsorum
639 630 782 695 carmina
815 629 959 710 legerint
994 648 1034 694 an
1066 648 1106 695 ea
1137 631 1351 713 cognouerint
1380 649 1422 697 ex
1451 632 1534 698 libro

257 728 385 794 metrici
415 726 591 809 cuiusdam,
622 725 764 793 fortasse
796 726 891 793 Caesi
913 727 1025 809 Bassi3
1048 732 1274 793 tetrametrum
1305 728 1435 810 quidem
1461 748 1535 810 pro-

259 824 504 892 celeumaticum
526 824 656 891 uidetur
679 823 822 891 Serenus
845 843 887 891 ex
909 824 1006 891 Bassi
1029 830 1099 891 arte
1123 826 1310 907 sumpsisse.

364 920 430 988 Sed
459 927 633 1004 praeterea
662 921 830 1005 neoterici,
861 922 896 987 ni
925 922 1030 1005 fallor,
1061 922 1126 1005 ipsi
1156 941 1283 1003 quoque
1315 942 1399 990 noua
1430 930 1535 990 metra

256 1020 429 1102 finxerunt,
457 1037 649 1099 quamquam
680 1020 762 1086 haec
792 1025 897 1086 metra
927 1038 989 1100 quo
1020 1021 1124 1103 magis
1154 1020 1331 1089 artificiosa
1360 1041 1398 1088 eo
1428 1023 1534 1088 minus

255 1118 391 1199 pulchra
411 1122 494 1183 sunt.
517 1116 630 1196 Neque
648 1117 711 1183 hoc
730 1119 846 1183 abesse
866 1119 907 1183 ab
926 1119 1042 1183 horum
1060 1124 1229 1200 poetarum
1250 1125 1366 1185 natura
1385 1126 1533 1201 apparea

258 1215 390 1281 inerunt
425 1215 511 1281 enim
545 1215 712 1298 neoterici,
743 1214 823 1281 item
858 1233 898 1281 aa
928 1215 1061 1282 Caesius
1091 1217 1215 1283 Bassus
1251 1221 1286 1282 et
1318 1217 1534 1283 Terentianus

255 1313 400 1395 Maurus,
421 1331 441 1378 a
460 1312 616 1378 Varronis
640 1311 811 1394 disciplina
834 1313 1010 1395 metricat
1034 1332 1129 1394 quarn
1152 1319 1264 1380 notum
1286 1320 1338 1381 est
1357 1314 1390 1379 id
1407 1321 1534 1396 specta·

256 1411 354 1492 nisse,
385 1414 422 1476 ut
454 1415 572 1492 poetae
606 1429 692 1476 noua
721 1414 826 1476 metra
860 1411 1048 1493 excogitare
1078 1411 1250 1493 possenti)
1305 1411 1397 1495 Quod
1427 1417 1535 1478 utrum

256 1507 429 1574 Annianus
457 1515 491 1574 et
522 1507 664 1574 Serenus
695 1507 756 1572 soli
785 1507 927 1574 fecerint
957 1528 998 1574 an
1030 1509 1086 1574 alii
1113 1528 1238 1590 quoque
1264 1509 1432 1590 neoterici,
1455 1508 1536 1573 diiu-

257 1606 367 1672 dicare
389 1625 454 1672 non
474 1624 661 1687 possumus3
683 1606 744 1672 hos
765 1606 852 1672 enim
870 1606 1002 1673 uidetur
1021 1606 1247 1690 Terentianus,
1268 1608 1320 1673 cui
1339 1605 1534 1674 omniafere

258 1722 341 1784 quae
364 1705 428 1769 huc
450 1703 618 1785 pertinent
640 1702 807 1786 debemus,
829 1709 906 1770 ante
926 1710 1054 1771 ceteros
1074 1704 1183 1786 magni
1204 1705 1430 1772 aestimauisse
1450 1722 1536 1769 eam-

257 1820 319 1882 que
343 1803 475 1868 obrem
498 1801 629 1883 saepius
652 1801 965 1867 commemorauisse.

368 1898 531 1964 Nonnulla
562 1916 687 1979 qnoque
718 1903 794 1964 sunt
827 1903 933 1964 metra
964 1898 1079 1979 quibus
1108 1904 1227 1980 poetae
1256 1899 1455 1980 posteriores
1484 1899 1536 1963 usi

258 2001 335 2063 sunt
350 1996 587 2063 neotericorum
604 1996 751 2078 exemplo
769 1996 928 2062 commoti.
973 1997 1066 2062 Haec
1082 2014 1206 2077 quoque
1221 1996 1256 2061 in
1272 1996 1418 2062 ordinem
1437 1996 1535 2061 liceat

257 2093 338 2160 mihi
360 2093 511 2177 redigere
534 2093 711 2161 secundum
735 2094 854 2160 aetatis
876 2094 1045 2160 rationem.
1089 2094 1304 2160 Inueniuntur

413 2217 433 2275 8
788 2210 824 2274 in
846 2210 965 2276 Medea
988 2215 1136 2291 centone,

303 2312 334 2390 1,
358 2312 377 2373 5
789 2306 875 2389 apud
898 2307 1117 2390 Tiberianum,

304 2411 333 2489 l,
359 2410 390 2487 5,
415 2412 446 2488 8,
471 2411 501 2487 9,
527 2410 580 2488 ll,
604 2406 678 2488 (14,)
704 2409 745 2469 18
792 2404 877 2488 apud
900 2405 1090 2487 Ausonium,

304 2508 334 2586 1,
528 2507 565 2567 11
791 2503 876 2585 apud
902 2499 1118 2588 [Damasum],

305 2609 320 2667 1
792 2601 878 2682 apud
900 2601 1118 2683 Ambrosium,

305 2704 334 2780 1,
359 2705 390 2781 5,
415 2706 445 2781 8,
527 2704 566 2764 11
792 2699 879 2780 apud
901 2698 1126 2779 Prudentium,

693 2796 755 2876 (18)
792 2795 877 2878 apud
901 2794 1122 2876 Claudianum,

359 2900 390 2976 ὃ,
414 2901 444 2976 8,
703 2898 745 2958 18
791 2893 878 2975 apud
900 2892 1097 2958 Martiarum
1121 2891 1296 2974 Capellam,

791 2990 877 3071 apud
899 2990 1087 3072 Luxorium,

361 3095 379 3155 5
793 3088 879 3170 apud
902 3087 1122 3169 Dracontium,

416 3195 446 3270 8,
606 3190 646 3252 13
794 3185 879 3267 apud
902 3184 1085 3266 Boethium,

792 3284 878 3366 apud
902 3282 1094 3366 Ennodium,

792 3380 878 3463 apud
901 3381 1099 3447 Venantium
1121 3382 1344 3463 Fortunatum‚

791 3479 877 3561 apud
902 3478 1096 3563 Gregorinm
1118 3480 1282 3563 Magnum,

791 3576 877 3659 apud
900 3577 1084 3660 Eugenium
1107 3578 1309 3660 Toletanum,

793 3675 828 3741 in
849 3675 1116 3758 inscriptionibus
1140 3674 1225 3755 apud
1247 3676 1493 3741 Buechelerum.

368 3791 469 3857 Nemo
490 3789 591 3874 igitur
606 3791 720 3857 metris
742 3791 918 3857 neotericis
941 3792 1071 3873 saepius
1086 3808 1164 3856 usus
1185 3794 1237 3856 est
1253 3808 1349 3869 quam
1363 3788 1536 3871 Ausonius,

266 3890 342 3972 quin
365 3888 464 3955 etiam
478 3895 611 3970 praeter
627 3894 668 3956 13
685 3889 793 3958 omnia
807 3894 914 3955 metra
928 3889 1095 3955 neoterica
1111 3906 1194 3967 quae
1210 3888 1355 3953 carmina
1369 3893 1537 3969 poetarum

263 3986 480 4071 posteriorum
510 3987 676 4070 exhibent,
710 3988 796 4069 apud
826 3986 1005 4051 Ausonium
1034 3985 1099 4049 iam
1128 3984 1346 4050 inueniuntur.
1398 3985 1537 4050 Metrum

266 4091 307 4152 13
332 4085 417 4167 apud
438 4086 613 4152 Boethium
643 4085 771 4151 demum
793 4083 953 4150 reuixisse
976 4082 1092 4146 mirum
1121 4099 1185 4147 non
1209 4088 1276 4165 est;
1307 4079 1423 4160 inirab
1452 4080 1538 4146 enim

264 4184 492 4250 demonstrabo
521 4201 594 4249 eum
619 4183 682 4249 hoc
712 4186 848 4247 metrum
879 4179 1016 4261 petiisse
1039 4197 1081 4245 ex
1104 4178 1295 4245 Terentiani
1323 4179 1426 4260 ipsius
1456 4178 1538 4243 libro

263 4280 304 4346 de
326 4282 448 4348 metris.

370 4484 389 4551 ¹)
409 4482 485 4538 conf.
504 4482 628 4537 Leonem
646 4480 664 4535 l.
674 4495 697 4535 s.
709 4496 736 4550 p.
746 4478 807 4535 294.

369 4564 390 4630 ⁹)
410 4562 485 4617 conl.
505 4562 585 4617 Caes.
603 4560 683 4615 Bass.
702 4575 729 4629 p.
738 4558 836 4625 271,25
855 4560 885 4614 et
902 4559 1026 4614 Leonem
1044 4559 1062 4614 l.
1073 4575 1096 4614 s.
1109 4576 1135 4630 p.
1145 4556 1206 4611 292.

371 4643 389 4712 ³)
409 4658 434 4712 p.
447 4641 495 4707 52;
515 4641 590 4697 coni.
610 4639 695 4695 etiam
713 4654 797 4709 supra
815 4655 842 4710 p.
855 4638 891 4694 28
909 4638 974 4695 adn.
986 4638 1012 4694 3.
