3567 5217
801 354 1025 415 „45-

267 529 313 595 Et
342 533 518 611 praecepta
549 546 673 608 quoqne
704 528 860 593 nonnulla
890 532 927 592 ut
949 528 984 592 in
1008 526 1123 593 Sereni
1147 526 1329 608 Opusculis,
1354 527 1547 593 1111111111-

266 627 340 693 soni
363 625 580 707 premeride
603 625 724 709 insunt,
748 626 851 691 ueluti
878 624 1003 690 »Locus
1027 624 1198 690 ordinandi
1214 625 1326 706 coqui«
1347 624 1443 704 (156).
1482 625 1548 690 Sed

267 730 305 791 ut
328 723 414 806 apud
436 723 615 789 Ausonium
637 742 703 789 uon
725 723 804 789 licet
827 741 961 789 censere
984 721 1238 803 premeridem
1261 722 1382 788 factam
1398 741 1472 789 esse
1494 722 1548 788 do·

265 821 364 888 cendi
386 839 494 902 causa,
520 820 567 886 sic
597 839 639 887 ex
669 820 858 887 Terentiam
891 821 1002 886 uerbis
1030 820 1117 885 ellici
1145 839 1211 886 nou
1244 827 1355 901 potest
1390 820 1547 887 Serenum

266 919 433 1001 Opuscnla
468 936 526 984 sua
560 918 804 1000 conscripsisse,
838 924 875 984 111
908 919 1064 984 lectorem
1100 918 1221 998 aliquid
1255 917 1380 984 doceat.
1430 919 1546 1000 Itaque

267 1035 463 1097 quamquam
492 1034 558 1081 non
588 1022 666 1097 puto
698 1015 877 1081 Ausonium
907 1016 942 1081 in
971 1015 1191 1096 premeride
1223 1015 1382 1082 Serenum
1416 1035 1547 1082 accura-

268 1114 395 1181 tissime
417 1113 579 1179 imitatum
602 1132 685 1196 esse,
703 1118 814 1180 tamen
836 1113 870 1178 id
893 1114 972 1178 mibi
994 1113 1142 1195 persuasi
1167 1131 1209 1180 ex
1230 1114 1292 1179 boc
1306 1112 1432 1180 Ausoni
1448 1131 1546 1198 opere
1591 1150 1593 1156 ·

265 1231 326 1278 nos
363 1212 567 1278 uerissimam
605 1213 747 1293 speciem
786 1210 1023 1293 Opusculorum
1063 1211 1233 1276 Ruralium
1279 1230 1395 1293 capere
1440 1229 1547 1292 posse.

267 1310 417 1376 Fuerunt
438 1310 540 1392 igitur
563 1310 706 1376 carmina
729 1309 843 1374 breuia
865 1309 982 1389 quibus
1005 1309 1074 1376 uita
1089 1314 1124 1375 et
1138 1309 1293 1390 opuscula
1309 1309 1378 1375 eius
1402 1309 1457 1391 qui
1471 1327 1546 1374 rure

268 1408 351 1473 uiuit
374 1407 654 1489 describebantur,
678 1411 713 1472 11
734 1406 782 1472 ita
803 1406 955 1490 tortasse,
978 1411 1017 1472 111
1039 1426 1141 1488 opera
1162 1407 1257 1473 unius
1281 1407 1345 1476 diei
1369 1426 1411 1472 ex
1433 1406 1546 1473 ordine

267 1504 522 1585 tractarentur.²)
569 1504 640 1588 Qua
662 1505 697 1569 in
727 1523 763 1570 re
793 1509 891 1585 poeta
915 1505 1044 1585 quidem
1067 1523 1132 1570 non
1155 1504 1189 1569 id
1213 1507 1394 1586 spectabat,
1423 1505 1547 1569 111111-

265 1610 372 1671 torem
395 1602 516 1683 aliqnid
540 1603 683 1685 doceret,
706 1602 809 1668 lector
831 1621 909 1669 uero
932 1607 1043 1668 tamen
1065 1601 1187 1682 aliquid
1211 1602 1339 1669 discere
1362 1607 1502 1683 poterat.

373 1700 597 1767 Parentalium
618 1700 770 1766 carmine
804 1700 876 1781 27⁹)
911 1699 1076 1765 Ausonius
1112 1706 1226 1781 aperte
1256 1700 1403 1766 imitatus
1435 1699 1547 1765 estid

266 1816 399 1865 carmen
424 1818 466 1864 111
488 1818 549 1879 quo
573 1797 688 1865 Sereni
710 1797 897 1881 fragmenta
922 1804 962 1864 16
987 1804 1021 1863 11
1047 1805 1085 1862 11
1110 1799 1226 1864 relicta
1249 1799 1360 1877 sunt.³)
1406 1797 1490 1862 Nam
1513 1804 1548 1862 et

266 1903 407 1963 metrum
430 1896 512 1963 satis
534 1895 679 1976 mirum⁴l
712 1903 747 1962 et
776 1898 878 1962 uerba
912 1896 1113 1977 »properiter
1143 1897 1241 1961 abiit«
1268 1896 1322 1960 uel
1349 1895 1467 1961 »obiit«
1498 1895 1547 1959 ita

265 1995 413 2061 interae
437 1994 654 2075 consentiunt,
678 1998 716 2059 111
738 1994 779 2059 de
803 2012 880 2059 casu
904 1994 1040 2075 cogitari
1063 2012 1128 2059 non
1150 1995 1264 2074 possit.
1311 1992 1453 2059 Serenus
1468 2010 1546 2057 uero

268 2097 399 2158 secutus
423 2098 475 2158 est
497 2092 656 2157 Hadriani
678 2091 758 2156 illud
782 2092 942 2172 carmen⁶)
967 2092 1050 2173 quod
1066 2091 1207 2158 moriens
1222 2091 1341 2157 fecisse
1357 2090 1484 2172 dicitur,
1498 2090 1547 2154 ita

267 2197 378 2256 tamen
400 2195 436 2255 11
459 2208 500 2254 ex
522 2188 683 2254 Hadriani
712 2189 886 2254 tribrachis
910 2190 1200 2270 proceleumaticos
1228 2188 1384 2255 efficeret.
1430 2187 1547 2271 Quam-

266 2289 381 2353 obrem
396 2287 537 2354 lortasse
561 2306 603 2353 ex
624 2287 785 2352 Hadriani
809 2292 844 2352 et
871 2287 997 2353 Ausoni
1024 2287 1221 2353 carminibus
1249 2286 1404 2352 nonnulla
1427 2285 1547 2350 lucrari

266 2403 440 2467 possumus
464 2385 506 2450 ad
529 2385 643 2451 Sereni
667 2404 799 2451 carmen
820 2384 1066 2451 restituendum.
1105 2385 1155 2449 Ac
1170 2385 1309 2467 primum
1325 2383 1455 2464 quidem
1474 2402 1547 2448 con·

266 2488 337 2549 stat
358 2482 397 2548 ir.
416 2488 456 2549 16
480 2482 583 2549 tuisse
606 2482 735 2548 initium
758 2483 911 2548 carminis
935 2483 1075 2549 Serenii:

428 2581 634 2647 Hadrianuus
680 2581 866 2646 animula
887 2582 1030 2661 magula
1054 2581 1207 2647 blandula

428 2678 569 2745 Serenus
681 2679 866 2744 animula
889 2677 1065 2744 miserula
1087 2678 1339 2759 properiter
1362 2676 1475 2742 abiit

426 2777 590 2843 Ausonius
681 2782 715 2842 et
738 2777 837 2842 amita
860 2776 1003 2841 Veneria
1025 2775 1274 2857 properiter
1296 2775 1412 2841 obiit.

267 2875 348 2941 Oum
371 2881 406 2941 et
427 2875 588 2940 Hadriani
620 2882 654 2942 11
683 2874 807 2940 Ausoni
838 2873 1033 2940 carminibus
1065 2874 1106 2938 de
1136 2879 1241 2939 morte
1271 2877 1397 2955 agatur,
1427 2889 1545 2937 censeo

267 2973 384 3039 Sereni
414 2991 540 3053 quoque
571 2992 700 3038 carmen
732 2973 944 3053 compositum
982 2970 1084 3037 luisse
1123 2973 1157 3034 111
1195 2976 1332 3036 mortem
1372 2969 1545 3035 cuiusdam.

267 3072 407 3137 Carmen
430 3070 533 3137 tuisse
556 3072 756 3153 epigramma
779 3069 960 3151 sepulcrale
993 3087 1030 3134 eo
1054 3068 1262 3134 uerisimilius
1284 3067 1333 3150 fit,
1361 3068 1447 3149 quod
1468 3067 1546 3132 Dio·

265 3169 363 3252 genis
386 3187 510 3249 quoqne
533 3169 661 3234 Laertii
675 3187 791 3234 uorsus
806 3166 1071 3249 proceleumatici
1085 3166 1173 3231 inter
1188 3166 1387 3248 sepulcrales
1402 3164 1545 3230 habendi

267 3272 353 3333 sunt.
399 3264 514 3331 Sereni
537 3266 737 3349 epigramma
767 3265 910 3332 tortasse
937 3264 1060 3329 tactum
1088 3270 1140 3330 est
1171 3264 1205 3329 in
1235 3270 1372 3330 mortem
1395 3263 1544 3344 leporis⁶)

266 3364 322 3445 qui
344 3363 379 3429 in
396 3363 440 3436 tr.
458 3364 531 3445 17⁷)
557 3368 831 3430 commemoratur.
876 3363 973 3429 Hunc
995 3382 1126 3428 uersum
1142 3362 1287 3429 eiusdem
1304 3362 1456 3428 carminis
1472 3379 1545 3426 esse

266 3462 511 3528 demonstratur
534 3462 744 3528 similitudine
767 3463 941 3527 uerborum
972 3461 1168 3542 »celeripes«
1200 3460 1285 3543 apud
1307 3458 1487 3525 Ausonium
1511 3465 1546 3524 et

273 3560 422 3641 »auipes«
451 3559 536 3641 apud
560 3556 725 3626 Serenum.
771 3559 881 3626 Etiam
909 3560 1014 3625 »loca«
1041 3558 1143 3626 Erebi
1166 3563 1200 3624 11
1214 3558 1349 3623 uerbum
1365 3557 1432 3622 tale
1449 3557 1544 3636 quale

272 3658 481 3739 »pallidulus«
508 3658 563 3723 uel
589 3657 806 3738 »placidulus«
834 3657 920 3739 apud
943 3656 1100 3723 Serenum
1122 3673 1187 3721 non
1210 3654 1354 3721 defuisse
1375 3673 1417 3719 111
1433 3653 1545 3720 simili·

375 3841 394 3954 ζ)
414 3840 488 3896 conl.
502 3840 628 3896 Ribbeck
647 3842 697 3896 l.s.
715 3858 742 3911 p.
756 3840 816 3894 323.

375 3924 396 4070 ³?
413 3920 703 4055 {ng({‘aeshrssffrslr)ubr
722 4000 758 4055 ad
778 4000 874 4055 Sereni
892 3998 983 4054 1116.

374 4081 395 4150 4)
414 4079 489 4136 conl.
503 4096 528 4151 p.
544 4080 578 4135 17
596 4098 638 4153 sq.
651 4080 702 4135 sub
715 4080 741 4136 9.

374 4161 395 4232 1)
414 4160 486 4254 1123.
523 4160 621 4215 Verbis
639 4161 763 4232 Anglicis
774 4160 895 4217 reddidit
906 4159 1055 4229 Byronius,
1068 4159 1159 4218 Hours
1172 4157 1202 4213 of
1213 4157 1339 4214 ldleness
1350 4158 1406 4213 nol.
1419 4157 1458 4211 111
1470 4172 1496 4227 p.
1509 4157 1545 4211 98

266 4241 311 4297 ed·
330 4241 548 4391 Taglcffinilznth.
560 4320 621 4376 Pal.
633 4321 722 4387 12117
742 4325 822 4377 extat
840 4320 972 4391 Meleagri
990 4336 1103 4375 carmen
1121 4319 1277 4392 sepulcrale
1295 4319 1331 4374 εἰς
1345 4314 1454 4387 λαγωόν,
1468 4319 1544 4390 quod

267 4404 364 4456 tamen
384 4401 515 4456 carminis
534 4401 640 4456 Serenii
659 4400 792 4457 dissimile
810 4405 861 4457 est.

376 4482 395 4551 7)
414 4481 449 4537 de
468 4482 523 4537 hoc
540 4482 701 4553 fragmento
721 4485 821 4537 contra
839 4499 874 4537 ea
893 4499 965 4555 quae
984 4481 1178 4552 Westphalins
1196 4480 1225 4534 in
1244 4479 1314 4534 libro
1334 4478 1369 4533 de
1387 4494 1416 4533 re
1428 4479 1545 4534 metrica

268 4561 437 4615 Graecorum
461 4562 495 4629 ll,
509 4562 540 4616 2:
568 4562 741 4631 Allgemeine
765 4561 938 4632 griechische
964 4562 1066 4617 bletrilr
1090 4560 1159 4615 1865
1183 4577 1210 4630 p.
1225 4559 1276 4613 129
1301 4559 1419 4629 scripsit,
1439 4559 1544 4629 optime

267 4640 397 4695 disseruit
416 4640 484 4696 otto
504 4642 604 4707 Hense,
623 4643 658 4697 de
675 4642 758 4708 1111111,
777 4642 805 4695 in
823 4642 904 4697 Actis
922 4641 1066 4697 societatis
1085 4640 1151 4713 phil.
1165 4641 1240 4712 Lips.
1253 4638 1368 4695 tole
1386 4656 1412 4711 p.
1427 4639 1509 4710 llsq.
