3567 5217
776 394 997 453 ...23-

248 589 373 653 quoque
397 571 451 652 qui
475 588 548 635 eum
572 573 663 635 certe
685 587 751 634 non
775 568 987 634 aneotericis
1002 570 1168 631 mutuatus
1192 569 1253 631 est.
1268 600 1312 609 -
1327 563 1467 630 Versum
1483 561 1525 628 ad

246 668 429 735 hexametri
443 667 598 750 μειούρου
614 669 799 748 exemplum
814 670 939 738 iactum
956 680 1029 731 esse
1040 698 1085 707 -
1098 681 1289 743 quamquam
1306 661 1490 728 Schultzius
1496 656 1525 743 1)

246 768 309 833 hoc
330 773 432 848 negat
453 801 497 811 -
522 773 557 831 et
578 764 652 846 ipsa
673 785 728 831 res
751 767 876 835 indicat
900 776 934 835 et
954 769 1171 835 Terentianus
1194 761 1275 828 dicit
1297 760 1348 827 his
1370 759 1482 825 uerbis

452 882 568 929 uersus
590 863 785 931 Homericus
807 867 953 932 Ausonio
976 885 1133 933 resonans
1156 865 1204 929 ita
1226 859 1330 942 modo,

452 978 610 1042 quemque
633 960 759 1027 miuron
782 961 928 1030 Achaica
951 983 1033 1047 gens
1056 964 1201 1030 uocitare
1225 960 1323 1026 solita
1345 962 1408 1038 est,

453 1059 584 1125 attoniti
608 1060 710 1125 Troes
734 1061 805 1127 uiso
830 1068 986 1144 serpente
1008 1060 1192 1143 pauitantil

358 1156 484 1222 Eodem
511 1156 605 1222 modo
629 1161 727 1238 atque
750 1158 943 1225 hexameter
967 1159 1111 1243 claudus,
1143 1159 1186 1225 ad
1215 1154 1399 1236 exemplum
1425 1154 1527 1218 tetra·

248 1255 345 1321 metri
368 1254 521 1335 dactylici
545 1254 728 1321 catalectici
750 1255 784 1321 in
809 1256 889 1323 duas
913 1258 1057 1341 syllabas

620 1352 1155 1457 -ww-vv-(UU-E·

249 1513 311 1576 quo
333 1494 483 1561 Anacreo
507 1503 540 1560 et
562 1495 722 1562 Boethius
730 1495 752 1575 ⁸)
776 1497 856 1560 κατὰ
880 1499 993 1579 στίχον,
1017 1497 1231 1564 Archilochus
1247 1500 1281 1560 et
1295 1492 1452 1559 Horatius
1467 1508 1526 1571 pro

249 1593 352 1674 epodo
376 1593 427 1658 usi
450 1597 536 1674 sunt,
561 1598 596 1659 et
619 1611 715 1675 quem
737 1595 825 1660 inter
839 1596 1039 1663 incertorum
1059 1595 1297 1662 neotericorum
1311 1586 1526 1673 hagmenta⁴l

247 1689 386 1756 inseruit
415 1690 648 1773 Baehrensius,
687 1692 745 1756 uix
778 1693 860 1776 iure,
899 1694 1049 1773 quoniam
1087 1699 1220 1776 praeter
1247 1688 1438 1756 Diomedem
1465 1704 1527 1752 nec

249 1788 465 1853 Terentianus
487 1806 594 1867 neque
618 1789 701 1854 alins
728 1790 810 1856 artis
833 1792 989 1857 metricae
1013 1790 1182 1873 scriptori)
1206 1790 1305 1855 talem
1318 1804 1449 1853 uersum
1472 1783 1527 1849 ad·

249 1884 324 1969 lert,
348 1885 455 1951 factus
480 1891 531 1951 cst

362 1989 412 2049 13.
450 1987 705 2051 tetrameter
746 1984 989 2068 dactylicus
1029 1985 1311 2052 catalecticus
1348 1983 1391 2047 in
1429 1980 1529 2045 duas

251 2081 440 2163 syllabas
464 2081 554 2147 cuius
578 2082 707 2163 syllaba
729 2084 995 2165 paenultima
1018 2088 1219 2164 conrepta
1243 2088 1295 2148 est

639 2209 1047 2247 -υυ-υυ·“υυ
1069 2174 1147 2246 U!-

249 2283 421 2349 Inuenitur
442 2285 504 2351 hoc
526 2291 664 2351 metrum
687 2286 723 2351 iu
745 2286 889 2353 Anniani
911 2286 950 2352 ir.
968 2294 998 2369 3,
1023 2287 1064 2353 de
1087 2306 1149 2368 quo
1172 2286 1288 2365 infra⁶l
1313 2303 1417 2367 agam,
1442 2281 1528 2362 apud

251 2381 483 2448 Terentianum
505 2401 557 2447 uu.
583 2388 816 2467 losa-2004,
838 2385 873 2450 in
896 2385 963 2450 Ino.
987 2404 1017 2450 u.
1034 2384 1098 2450 llb
1121 2384 1206 2466 apud
1229 2383 1367 2448 Marium
1390 2379 1528 2446 Victori·

251 2499 327 2545 num
352 2486 481 2546 seruato

585 2586 704 2661 pergat
726 2580 830 2646 amica
853 2580 967 2646 Venus
989 2580 1085 2646 modo
1107 2581 1198 2663 iocis,

252 2693 345 2754 quem
368 2682 477 2740 utrum
498 2676 686 2758 Apthonius
710 2695 751 2743 ex
775 2677 837 2743 alio
860 2678 1020 2759 scriptore
1044 2678 1219 2760 sumpserit
1241 2697 1283 2743 an
1305 2677 1377 2758 ipse
1399 2674 1532 2740 finxerit

251 2790 317 2839 non
340 2778 476 2839 constat.
522 2773 660 2840 Videtur
682 2776 744 2839 hoo
767 2783 916 2858 metrum,
942 2776 1027 2857 quod
1049 2795 1208 2858 nusquam
1231 2775 1308 2842 alibi
1331 2780 1433 2855 extat,
1462 2772 1531 2837 An·

250 2869 367 2936 nianus
395 2870 429 2935 in
451 2871 592 2937 Faliscis
616 2872 794 2955 inuenisse,
828 2874 997 2939 inuentum
1029 2877 1070 2941 ab
1101 2892 1139 2941 eo
1161 2872 1354 2951 Boethiusq
1384 2870 1530 2935 imitatus

252 2986 334 3034 esse.
356 3004 401 3012 —
424 2968 568 3052 Quaerat
590 2969 734 3036 fortasse
757 2970 840 3052 quis,
863 2976 972 3037 utrum
988 2973 1116 3053 syllaba
1137 2973 1252 3038 ultima
1274 2990 1316 3036 an
1330 2967 1531 3052 paenultima

169 3131 173 3136 .
252 3068 311 3131 sub
335 3074 472 3133 accentu
493 3066 627 3147 fueriti
685 3068 756 3151 Qua
789 3069 824 3134 in
853 3070 1091 3136 retractanda
1121 3074 1254 3152 praeter
1282 3067 1370 3134 hunc
1398 3083 1531 3133 uersum

250 3164 433 3230 hexametri
456 3183 581 3245 quoque
605 3166 712 3231 claudi
735 3166 896 3231 rationem
918 3167 1102 3234 habendam
1126 3186 1201 3234 esse
1225 3174 1371 3248 apparet.
1416 3164 1466 3229 Ac
1489 3162 1531 3228 de

252 3260 389 3328 Graecis
421 3262 549 3341 quidem
580 3264 731 3329 uersibus
761 3263 892 3329 uidetur
923 3270 1073 3331 constare
1104 3266 1264 3347 syllabam
1298 3261 1530 3345 paenultimam

252 3361 312 3426 snb
334 3360 403 3424 ictu
425 3359 545 3441 fuisse3
567 3378 643 3425 nam
666 3367 702 3426 et
724 3378 839 3427 uersus
861 3361 1057 3428 Homericus
1080 3370 1115 3429 et
1138 3363 1250 3430 decem
1267 3378 1381 3428 uersus
1392 3357 1531 3425 Luciani

253 3456 409 3523 exhibent
441 3458 578 3523 uerbum
600 3464 826 3540 paroxytonon
860 3459 895 3524 in
919 3460 1009 3525 exitu
1042 3479 1157 3527 uersus
1180 3460 1338 3542 positum3
1368 3458 1402 3521 in
1424 3455 1530 3521 tribus

360 3730 380 3796 ¹)
399 3730 417 3784 l.
436 3746 457 3784 s.
476 3746 503 3802 p.
522 3729 576 3785 277
594 3730 624 3784 in
642 3730 708 3786 adn.

359 3810 379 3878 ⁹)
397 3809 478 3866 Hom.
499 3810 528 3865 ll.
547 3814 583 3863 M
590 3810 644 3865 208

585 3892 672 3962 Τρῶες
690 3886 707 3943 ὃ
714 3887 854 3962 ἐρρίγησαν
871 3888 929 3943 ἐπεὶ
947 3886 1004 3943 idon
1022 3887 1112 3943 αἰολον
1129 3889 1199 3958 ὄφιν.

361 3969 380 4038 ⁸)
400 3968 532 4024 decons.
552 3970 619 4041 phil.
638 3971 663 4024 V
682 3987 767 4026 carm.
786 3971 812 4025 2.
837 3970 918 4026 Hune
943 3974 1058 4042 proptor
1082 3974 1249 4026 concentum
1267 3984 1368 4024 moneo
1393 3984 1429 4022 ue
1447 3970 1531 4039 putes

252 4048 405 4104 Boethium
423 4048 508 4120 ipsius
527 4049 716 4106 Anacreontis
735 4050 861 4106 carmina
879 4051 995 4121 legisse;
1020 4050 1110 4105 multo
1129 4048 1306 4106 uerisimilius
1331 4053 1377 4103 est
1397 4064 1461 4102 aum
1480 4049 1532 4101 aut

254 4128 309 4182 hoe
339 4133 460 4183 metrum
487 4145 523 4184 ex
551 4129 652 4186 Horati
679 4131 849 4187 carminibus
877 4131 1032 4203 sumpsisse
1062 4135 1114 4185 aut
1143 4130 1251 4185 metrici
1286 4128 1431 4185 cuiusdam
1461 4127 1530 4182 libro

253 4225 335 4264 usum
353 4224 424 4263 esso.

359 4290 379 4359 ⁴)
398 4289 454 4345 lne.
474 4305 500 4345 u.
512 4289 572 4347 159.

359 4370 380 4438 ὅ)
399 4369 474 4426 coni.
493 4371 561 4426 Mar.
580 4370 654 4426 Viet.
672 4387 699 4442 p.
712 4369 756 4437 73,
768 4371 802 4427 13
820 4375 850 4425 et
870 4369 958 4436 nus
976 4370 1011 4426 K.

360 4453 381 4513 ⁰)
399 4467 426 4521 p.
439 4449 542 4522 bilsqq.

361 4529 380 4599 ⁷l
400 4530 435 4584 de
454 4547 530 4586 cons.
549 4531 617 4603 phil.
637 4530 674 4586 Ill
693 4546 776 4586 carm.
798 4532 825 4598 l;
845 4529 922 4586 coni.
942 4548 968 4602 p.
981 4531 1025 4587 52.

361 4609 380 4678 Β)
399 4609 434 4664 de
453 4610 508 4665 hac
526 4627 557 4666 re
575 4611 688 4667 uberius
708 4610 849 4682 quaesiuit
867 4610 1006 4666 Christius
1023 4612 1052 4666 in
1071 4614 1124 4667 art.
1143 4609 1237 4665 metr.q
1254 4625 1283 4681 p.
1295 4608 1429 4680 224sqq.;
1455 4607 1531 4664 coni.

253 4692 400 4761 praeterea
417 4689 484 4745 Luc.
503 4691 674 4759 Muellerum,
694 4691 729 4746 de
747 4706 776 4746 re
794 4693 889 4746 metr.²
907 4707 934 4761 p.
948 4689 1008 4747 103.
