3567 5217
789 385 1012 446 ...24-

260 554 396 622 Luciaui
420 556 570 623 uersibus
593 556 759 623 inuenitur
774 559 910 624 uerbum
926 559 1243 641 proparoxytonon.¹)
1290 560 1325 627 Si
1340 562 1439 643 plane
1454 561 1542 629 idem

260 654 302 720 de
325 654 454 720 Latinis
477 673 603 736 quoque
625 655 774 722 uersibus
797 656 934 738 ualeret,
964 675 1101 724 necesse
1132 664 1222 724 esset
1244 649 1362 739 ubique
1392 658 1427 724 in
1450 660 1542 726 exitu

260 770 413 818 uersuum
435 753 538 818 uerba
561 752 709 819 binarum
733 754 944 837 syllabarum,
974 754 1202 836 pyrrhichiaca
1225 756 1352 822 scilicet
1378 758 1432 823 uel
1462 758 1540 823 iam·

260 849 344 933 bioa,
367 850 475 931 posita
498 868 581 916 esse.
627 851 700 917 Hoc
716 857 824 917 autem
848 851 882 916 iu
898 851 974 917 Liui
988 857 1116 918 tantnm
1134 852 1285 920 uersibus
1307 854 1356 920 ita
1378 856 1540 936 sehabet,

259 947 316 1012 ubi
338 947 498 1029 syllabam
520 948 755 1029 paenultimam
779 950 838 1014 sub
862 949 932 1014 ictu
945 948 1049 1015 fuisse
1062 950 1270 1017 manifestum
1293 958 1345 1018 est
1367 953 1421 1018 uel
1445 970 1486 1018 ex
1502 971 1540 1019 eo

259 1045 346 1128 quod
368 1045 551 1111 hexametri
573 1046 665 1112 heroi
689 1045 825 1112 admixti
849 1052 934 1112 sunt
979 1046 1077 1129 Apud
1099 1047 1241 1128 reliquos
1263 1054 1378 1130 poetas
1402 1050 1540 1115 Latinos

258 1144 522 1210 hexametrorum
560 1144 668 1211 exitus
707 1143 865 1210 exhibent
903 1148 1057 1225 quattuor
1089 1147 1192 1212 uerba
1228 1146 1388 1226 binarum,
1427 1146 1539 1213 decem

259 1240 398 1323 plurium
411 1241 619 1324 syllabarum,
631 1246 898 1309 tetrametrorum
914 1242 1056 1308 sedecim
1068 1243 1227 1326 binarum,
1239 1243 1388 1310 undecim
1399 1244 1540 1326 plurium

259 1338 465 1420 syllabarum.
521 1340 637 1421 Itaque
672 1357 827 1405 uumerus
849 1341 1024 1406 uerborum
1050 1341 1200 1406 binarum
1223 1346 1258 1408 et
1278 1342 1419 1423 plurium
1443 1343 1540 1424 sylla-

259 1438 371 1502 barum
395 1435 429 1501 in
453 1437 542 1502 exitu
564 1436 745 1518 positorum
779 1437 850 1503 iere
881 1436 968 1503 idem
997 1442 1049 1503 est
1072 1439 1220 1519 l20221).
1273 1438 1365 1522 Quae
1399 1458 1453 1506 res
1488 1457 1540 1504 me

259 1539 379 1616 mouet,
402 1540 439 1599 ut
461 1544 574 1615 putem
597 1534 761 1601 Romanos
784 1535 836 1601 his
860 1535 894 1600 in
917 1535 1066 1602 uersibus
1082 1537 1241 1618 syllabam
1256 1536 1403 1603 ultimam
1418 1536 1539 1603 maiore

258 1651 332 1698 cum
354 1632 388 1697 ui
410 1631 648 1714 pronuntiasse,
671 1634 867 1715 praesertim
891 1652 962 1699 cnm
986 1652 1116 1716 semper
1137 1635 1239 1700 uerba
1261 1633 1308 1700 ita
1330 1635 1540 1716 pronuntiata

257 1729 360 1796 ueluti
388 1729 587 1814 »fruticibus
611 1733 762 1813 posuero,
786 1731 959 1814 pepulerit,
990 1731 1170 1813 retrahere,
1204 1732 1380 1797 subierint«
1407 1733 1539 1814 perhor-

256 1827 392 1894 ruerint.

367 1930 437 1992 13a.
475 1925 667 1993 Neoterioos
698 1932 969 2008 pentametro
1000 1926 1195 2009 elegiaco
1227 1925 1307 1989 κατὰ
1330 1927 1435 2008 στίχον
1461 1947 1538 1994 usos

130 2082 135 2094 .
256 2041 332 2089 esse
356 2023 571 2090 demonstrari
598 2043 663 2089 non
690 2030 816 2106 potest;
848 2043 1067 2105 quaecumque
1098 2024 1185 2091 euim
1215 2024 1359 2107 conlegit
1389 2025 1539 2107 exempla

257 2121 477 2187 Baehrensius
488 2127 622 2203 praeter
632 2140 749 2188 uersus
761 2122 944 2203 reciprocos
954 2122 977 2201 ll
990 2136 1100 2189 omnes
1117 2141 1159 2188 ex
1175 2122 1370 2188 carminibus
1383 2123 1537 2205 elegiacis

256 2223 387 2300 sumpta
425 2237 499 2284 esse
533 2217 706 2302 possuntt
745 2220 934 2286 Terentiam
971 2238 1049 2286 uero
1087 2220 1283 2302 pentametri
1318 2220 1468 2302 singuli4)
1503 2221 1537 2285 in

256 2334 389 2382 censum
412 2335 478 2381 non
500 2317 643 2383 ueniunt.

365 2418 415 2479 14.
439 2415 712 2496 heptameter
734 2414 983 2497 dactylicus
1018 2416 1308 2482 catalecticus
1342 2414 1383 2480 in
1417 2433 1537 2481 unam

151 2534 153 2538 ¹
256 2512 477 2594 syllabam.
527 2513 579 2579 De
605 2513 667 2579 hoc
693 2531 790 2579 uersu
818 2513 995 2580 Diomedes
1021 2514 1103 2580 haec
1128 2514 1267 2594 referti)
1299 2519 1469 2595 postquam
1497 2513 1537 2579 de

255 2610 370 2677 Sereni
394 2609 433 2675 ir.
458 2616 500 2676 20
523 2611 650 2677 locutus
673 2615 740 2677 est:
767 2611 902 2677 >Sereni
926 2611 1013 2676 aliud
1035 2612 1102 2676 tale
1126 2617 1188 2693 est,
1213 2611 1261 2690 (ir.
1278 2609 1333 2696 21)

338 2708 474 2790 pingere
499 2709 686 2775 conlibitum
711 2716 772 2792 est,
802 2708 994 2790 graphidem
1018 2708 1103 2791 date,
1126 2709 1266 2790 promite
1289 2708 1455 2774 bolarium.

255 2807 406 2887 superius
435 2825 558 2873 comma
590 2812 642 2872 est
672 2812 898 2872 tetrametrum
928 2806 1064 2871 heroum
1094 2826 1136 2873 ex
1166 2805 1343 2888 superiore,
1373 2806 1536 2888 posterius

255 2922 382 2969 comma
413 2911 465 2970 est
496 2903 664 2969 dimidium
695 2904 864 2986 elegiaci«.
912 2903 1035 2970 Versus
1060 2909 1173 2986 aperte
1197 2923 1238 2971 ex
1261 2904 1366 2969 tribus
1388 2904 1536 2985 partibus

254 3007 395 3084 constat,
420 3021 555 3082 quarum
577 3002 677 3068 tertia
700 3008 753 3067 est
777 3001 945 3067 dimidium
969 3002 1117 3084 elegiaci,
1140 3003 1175 3067 id
1195 3007 1247 3068 est
1261 3002 1410 3067 trimeter
1425 3001 1536 3082 dacty-

255 3099 337 3164 licus
361 3100 572 3166 catalecticus
594 3099 628 3164 in
651 3117 749 3180 unam
773 3099 949 3181 syllabam3
984 3100 1039 3180 qui
1061 3105 1166 3167 restat
1187 3105 1380 3166 tetrameter
1402 3118 1536 3165 caesura

254 3197 353 3261 solita
389 3197 581 3280 hexametri,
620 3216 738 3278 nempe
766 3197 1004 3279 semiquinaria,
1042 3197 1077 3262 in
1111 3197 1191 3263 duas
1225 3203 1338 3278 partes
1372 3195 1535 3262 diuiditur.

249 3296 394 3380 ,Praeter
426 3295 512 3360 hunc
550 3314 648 3361 unum
682 3314 812 3360 uersum
846 3296 911 3360 alia
946 3296 1094 3377 exempla
1127 3295 1296 3377 repperire
1330 3312 1395 3359 non
1429 3294 1535 3375 potui,

253 3391 386 3457 uidetur
406 3393 508 3476 igitur
527 3392 669 3460 Serenus
692 3394 816 3475 primus
838 3394 902 3458 hoc
924 3398 1063 3460 metrum
1085 3394 1219 3459 finxisse
1242 3411 1347 3473 neque
1370 3392 1535 3458 inuenisse

254 3490 312 3570 qui
335 3509 408 3557 euru
430 3490 671 3576 imitarenturl)

361 3586 455 3654 Addo
472 3590 559 3656 aliud
575 3595 724 3673 metrum,
749 3591 833 3671 quod
856 3609 898 3657 ex
920 3590 982 3655 hoo
1004 3589 1076 3672 ipso
1101 3588 1184 3669 quod
1207 3587 1300 3653 modo
1323 3587 1535 3653 tractauimus

254 3685 438 3753 deriuatum
462 3694 522 3770 ost,

368 3791 419 3850 15.
433 3785 714 3867 heptapodiam
737 3785 1036 3866 anapaesticam.
1060 3783 1236 3849 Diomedes
1253 3783 1338 3848 enim
1354 3783 1402 3848 sic
1412 3781 1533 3865 pergit:

258 3880 394 3948 >Sereni
418 3883 504 3949 aliud
527 3884 594 3948 tale
618 3883 666 3961 (ir.
683 3884 734 3962 22)

362 3981 445 4060 quod
471 3982 499 4047 si
522 3981 583 4047 tibi
605 3982 698 4063 uirgo
721 3980 837 4047 fauens
859 3983 989 4046 reseret
1012 3980 1075 4045 cito
1099 3980 1242 4045 claustra
1263 3978 1437 4060 puerperii.

254 4077 308 4141 hic
331 4078 360 4143 si
381 4078 521 4160 primunr
545 4078 744 4160 semipedem
768 4078 930 4160 detrahas,
956 4077 1019 4144 erit
1042 4076 1147 4143 simile
1169 4077 1317 4159 proximo
1340 4075 1531 4157 superiori«.

363 4279 381 4348 ¹)
399 4280 474 4332 πίτυϊ
490 4279 550 4344 315,
570 4274 701 4332 ἀνώδυνον
718 4278 779 4346 323,
798 4277 973 4349 uinculorum
990 4277 1057 4345 3243
1077 4278 1151 4334 conf.
1170 4277 1412 4334 Friedrichsmeier
1429 4277 1446 4331 1.
1458 4293 1480 4331 s.

362 4359 382 4428 2)
402 4358 457 4414 Ino.
477 4375 522 4413 uu.
543 4360 638 4424 171‚2.
660 4360 719 4416 173.
741 4359 799 4414 174.

363 4439 381 4507 ³)
400 4438 533 4495 Hadrian.
552 4439 587 4494 ir.
605 4440 636 4506 2;
656 4440 712 4493 luc.
732 4456 778 4495 uu.
799 4439 913 4494 18-20.

360 4519 383 4587 ⁴)
403 4535 449 4575 uu.
471 4520 547 4575 1865.
566 4519 645 4575 2654.
663 4519 743 4574 2657.
762 4519 841 4574 2967.
860 4518 939 4574 2972.

266 4661 268 4666 ,
361 4599 381 4668 ⁶)
401 4617 427 4670 p.
446 4600 507 4666 517,
517 4600 553 4654 31
571 4601 605 4657 K.

360 4681 380 4750 ⁶)
400 4680 450 4735 sed
468 4681 553 4735 uelim
571 4680 702 4736 conferas
721 4696 793 4752 quaa
812 4679 931 4735 disserui
949 4680 1025 4735 iufra
1043 4697 1068 4750 p.
1087 4679 1131 4735 40.
