3567 5217
772 375 996 434 -56-

247 545 399 612 uersibus
427 563 500 611 esse
524 545 618 611 modo
641 546 792 628 uidimus,
823 565 984 626 nusquam
1015 552 1160 628 apparet.
1205 548 1321 628 Itaque
1352 566 1409 615 eos
1438 549 1528 615 locos

248 644 305 726 qui
328 642 483 709 simillimi
506 648 582 709 sunt
604 642 760 726 adieram,
784 650 821 710 ut
843 643 1051 711 manifestum
1075 644 1119 710 sit
1141 664 1183 711 ex
1206 645 1254 711 eis
1277 646 1358 710 nihil
1381 646 1528 713 concludi

248 760 404 905 ffiem
428 844 661 921 surgentes
684 839 875 921 papillas
901 838 1033 920 (11616111)
1420 905 1423 909 .

355 936 434 1003 Ans.
450 941 523 1019 94,1
550 936 623 1014 (222
649 935 679 1002 S.
697 938 816 1017 348Ρ.)
839 943 1070 1020 turgentes
1094 990 1101 1004 .
1125 990 1132 1004 .
1156 990 1163 1004 .
1186 939 1377 1021 papillas

1106 1036 1323 1117 (Hermionae)

249 1132 402 1198 Ρ6111.92
428 1132 475 1197 sic
497 1133 696 1215 Amyclas
719 1151 792 1199 cum
814 1140 1003 1199 tacerent
1025 1134 1169 1216 perdidit
1191 1135 1392 1201 silentium

354 1229 434 1296 Ans.
451 1234 548 1310 205,6
573 1231 625 1309 (65
650 1230 681 1296 S.
699 1236 740 1296 63
757 1231 804 1310 Ρ.)
828 1231 1035 1315 taciturne,
1062 1233 1260 1315 Amyclas
1288 1233 1343 1314 qui
1365 1233 1526 1299 silendo

1204 1348 1324 1397 umerus

356 1426 434 1492 Aus.
449 1429 524 1507 418,
538 1431 579 1491 26
603 1420 680 1508 (188
706 1424 737 1491 S.
754 1431 818 1490 286
842 1423 891 1511 Ρ.)
920 1432 955 1491 66
983 1427 1075 1492 66166
1098 1427 1242 1495 Oebaliis
1265 1428 1394 1495 habites
1418 1426 1527 1493 taci-

996 1530 1111 1591 turnus
1134 1526 1323 1608 Amyclis

432 1620 514 1688 coni.
539 1620 795 1687 Hirschfeldium
827 1622 913 1703 apud
940 1622 1164 1704 Pauly-Wiss.
1184 1624 1202 1689 I
1228 1643 1259 1704 p.
1282 1628 1379 1705 1997,
1403 1629 1422 1689 5
1447 1641 1527 1703 sqq,

432 1720 632 1785 Thesaurum
654 1719 675 1783 l.
691 1718 728 1784 L.
744 1720 762 1785 I
783 1739 814 1801 p.
831 1725 917 1785 2026
941 1738 966 1785 s.
982 1740 1012 1785 u.
1028 1720 1214 1786 Amunclae.

357 1816 447 1900 Quae
487 1835 559 1883 cum
596 1817 645 1882 ita
682 1818 764 1899 sint,
810 1835 929 1883 censeo
974 1817 1205 1884 Ausonium
1242 1818 1527 1898 Peruigilium

250 1915 429 1982 Veneris
460 1921 516 1981 aut
547 1915 675 1982 omnino
708 1933 787 1981 non
817 1915 983 1997 legisse
1014 1919 1071 1981 aut
1101 1921 1191 1982 certe
1221 1933 1286 1980 non
1315 1914 1399 1980 tanti
1430 1917 1528 1981 aesti-

248 2031 368 2095 masse,
391 2019 428 2079 ut
450 2012 641 2079 imitaretur.

276 2342 298 2441 6
326 2342 363 2421 8.
396 2341 595 2439 Apuleius
622 2340 672 2420 11.
692 2339 885 2421 Aurelius
912 2338 1087 2439 Alphius
1114 2341 1263 2423 Auitus
1289 2341 1501 2422 Marianus

565 2460 868 2554 comparantur
895 2476 991 2536 cum
1017 2456 1213 2538 Ausonio.

357 2626 409 2691 Ex
431 2625 557 2705 Apulei
588 2625 740 2706 operibus
770 2625 824 2691 hic
855 2625 999 2705 uersus¹l
1031 2631 1158 2691 tautum
1188 2625 1222 2689 in
1253 2644 1385 2691 censum
1415 2627 1527 2692 uenire

249 2743 348 2806 posse
373 2729 515 2806 apparet.
561 2723 611 2789 Ac
634 2725 773 2805 primum
797 2723 928 2805 quidem
952 2723 1114 2788 simillima
1137 2727 1214 2789 sunt
1236 2722 1355 2803 Apulei
1377 2723 1450 2788 161

349 2821 407 2887 sed
429 2822 522 2888 bristi
545 2822 705 2901 quondam
728 2822 868 2888 Athenis
891 2840 1045 2903 parcus
1070 2825 1167 2900 atque
1192 2821 1428 2887 abstemius

249 2927 285 2986 et
307 2918 431 2985 Ausoni
454 2938 568 2985 uersus
593 2924 690 3001 205,9
716 2918 767 2997 (66
793 2919 824 2984 S.
842 2924 882 2985 63
907 2919 954 2999 P.)

469 3019 571 3098 probe
595 3023 629 3083 66
651 3017 776 3099 pudice,
800 3035 945 3098 parce,
968 3016 1065 3104 hugi,
1090 3015 1307 3085 abstemie.

250 3115 331 3181 Oum
353 3133 431 3180 uero
454 3114 483 3180 is
503 3115 555 3194 qui
572 3115 711 3181 Athenis
739 3134 873 3196 »parcus
899 3121 995 3194 atque
1020 3114 1214 3180 abstemius«
1241 3114 1305 3178 init
1327 3133 1421 3180 nemo
1446 3115 1527 3180 alius

249 3232 325 3280 esse
347 3213 463 3294 possit,
487 3213 550 3278 nisi
572 3213 601 3278 is
625 3213 679 3293 qui
702 3213 746 3278 ibi
771 3213 833 3278 arti
855 3212 1038 3277 rhetoricae
1062 3211 1197 3293 studuit,
1221 3219 1255 3277 et
1278 3231 1350 3277 cum
1365 3212 1528 3278 Ausonius

249 3329 377 3392 quoque
408 3312 550 3376 carmine
582 3330 638 3376 suo
670 3311 712 3376 de
741 3310 873 3375 rhetore
904 3314 938 3375 et
969 3311 1179 3391 grammatico
1209 3311 1336 3376 locutus
1371 3310 1424 3391 sit,
1456 3309 1528 3374 lieri

249 3409 365 3492 potuit,
390 3413 427 3472 ut
449 3427 579 3474 uersum
601 3408 720 3490 Apulei
742 3408 776 3471 in
800 3407 904 3471 animo
927 3407 1073 3472 haberet.

357 3506 483 3573 Eadem
507 3506 767 3573 adnominatione
795 3524 878 3585 quae
906 3524 1063 3585 nusquam
1092 3505 1169 3570 alibi
1192 3504 1357 3569 inuenitur
1378 3504 1427 3569 usi
1453 3510 1529 3570 sunt

249 3611 287 3670 66
308 3604 465 3685 Apuleius
488 3605 523 3669 iu
545 3604 584 3670 ir.
601 3610 655 3687 3,4

473 3703 573 3768 hasce
597 3703 677 3767 duas
700 3703 855 3783 flammas,
881 3701 956 3765 dum
979 3701 1138 3783 potiar,
1162 3700 1305 3781 patiar

251 3806 288 3867 66
309 3800 472 3866 Ausonius
494 3801 529 3865 iu
553 3805 672 3882 320,30
697 3799 748 3878 (35
774 3798 805 3865 S.
824 3804 863 3864 17
887 3799 935 3877 Ρ.)

512 3917 554 3964 ne
577 3898 721 3978 patiar
743 3899 857 3963 turbas
880 3902 980 3977 utque
1003 3897 1096 3961 bonis
1119 3894 1271 3976 potiar.

358 3997 410 4062 De
432 3995 553 4062 Amore
576 3995 734 4062 uolitante
757 3994 914 4076 Apuleius
939 3995 1012 4076 (5,5)
1037 3993 1170 4074 scripsit

425 4095 478 4176 qui
501 4093 646 4174 pinnis
669 4094 860 4159 uolitans
884 4110 1012 4173 super
1034 4093 1191 4157 aethera
1214 4095 1331 4156 cuncta
1352 4088 1483 4172 fatigat,

250 4192 414 4258 Ausonius
438 4193 479 4259 de
500 4192 631 4257 homine
655 4193 836 4258 somniante
862 4196 957 4273 157,9
983 4190 1012 4267 (8
1037 4189 1068 4254 S.
1086 4192 1128 4253 14
1151 4189 1197 4269 Ρ.)

537 4289 654 4356 subitis
677 4290 814 4356 uolito
838 4307 967 4370 super
989 4306 1067 4352 aera
1088 4288 1243 4368 pinnis.

357 4389 410 4453 Ex
433 4388 537 4467 Alphl
561 4388 686 4468 Auitib
710 4387 904 4468 fragmentis
931 4405 1029 4450 unum
1050 4385 1157 4450 locum
1181 4383 1309 4448 adferre
1332 4382 1431 4447 116666
1454 4381 1527 4464 (2,3)

359 4591 377 4660 1)
396 4590 469 4645 FPR
481 4608 507 4662 p.
520 4590 638 4661 3lsssqq.

241 4737 244 4742 ,
358 4672 378 4741 2)
397 4670 470 4725 FPR
482 4687 508 4741 p.
520 4670 620 4741 aaasq.
